2422 5084
332 110 341 119 ·
370 108 616 159 turnines.
666 109 750 163 rsa.
784 110 833 161 11.
1038 92 1118 164 437

67 258 236 341 Procede·
260 270 293 323 et
307 257 433 326 Priami
446 258 734 345 sedes=aroemque
747 254 872 325 reviso·
1052 266 1118 331 760

65 350 116 419 Et
132 350 200 415 iam
217 345 397 432 porticibus
410 344 523 410 vacuis
536 344 675 411 lunonis
689 344 783 445 sepio

65 433 234 501 Custodes
251 432 336 511 lecti,
360 430 516 495 Phoenix
532 442 565 494 et
579 429 672 495 dirus
687 430 813 509 Ulixes,

44 560 47 567 ·
66 520 234 588 Piaedam
250 516 483 583 adservabant.
529 515 604 581 line
621 515 771 601 undique
784 514 889 583 Troia
901 528 1000 602 gaza}

66 604 217 675 lucensis
231 614 347 690 erepta
363 603 485 689 adytis,
507 623 710 689 mensaeque
723 601 877 681 deorum,
1064 604 1069 613 '

68 692 293 774 Crateresque
306 684 514 757 aurosolidi.
539 686 738 773 captivaque
757 686 868 763 vestis,
1050 694 1114 765 755

10 804 13 811 ·
67 775 282 861 Congeritnr.
326 772 431 839 Pueri
445 786 479 835 et
494 772 641 860 pavidae
653 774 754 859 longo
766 769 887 837 ordine
900 781 1028 837 matres

70 862 169 929 Stant
186 860 335 924 circum.'

66 947 178 1015 Ausus
196 946 394 1030 quinetiam
411 966 508 1008 voces
524 943 651 1008 iactare
664 966 725 1031 per
739 940 909 1023 umbram,

67 1031 200 1121 inplevi
217 1031 462 1109 clamore-vias,
485 1042 701 1114 maestusque
714 1028 877 1093 Cretisam

66 1116 552 1204 Nequidquomingeminans
595 1118 789 1213 iterumque
818 1111 1011 1203 iterumque
1047 1142 1113 1184 vo·
1154 1146 1159 1155 ¹

694 1220 777 1265 cavi.
1048 1214 1112 1277 770

67 1288 270 1379 Quaerenti,
291 1299 326 1350 et
339 1288 437 1353 tectis
452 1286 545 1352 urbis
557 1284 631 1351 sine
646 1284 714 1350 line
726 1283 869 1365 furenti,

64 1374 189 1443 Infelix
207 1374 425 1438 simulacrum
440 1385 541 1459 etque
553 1372 655 1459 ipsius
666 1372 786 1435 umbra
803 1369 954 1437 Creiisae
1015 1378 1022 1399 ⁸

62 1460 145 1529 visa
162 1458 246 1524 mihi
260 1470 340 1523 ante
355 1459 483 1533 oeulos,
507 1470 541 1521 et
553 1464 634 1521 nota
647 1458 757 1523 maior
769 1457 893 1542 imago.

62 1545 249 1630 Obstupui,
271 1554 502 1629 steteruntque
517 1564 643 1621 cernae,
666 1554 701 1605 et
714 1560 779 1609 vox
794 1538 948 1607 lancibus
961 1541 1080 1611 haesit.

61 1634 159 1697 Turn
175 1632 221 1694 sic
237 1628 356 1709 adlati,
378 1641 412 1693 et
428 1650 526 1692 ouras
543 1627 594 1692 his
608 1625 870 1693 demerediotisr
1044 1634 1109 1701 775

60 1716 159 1806 Quid
174 1726 308 1778 tuntum
322 1716 442 1777 insano
456 1715 553 1778 iuvat
567 1712 743 1796 indulgere
758 1713 876 1789 dolori,

60 1802 97 1865 (l
114 1800 221 1864 duleis
238 1798 408 1883 coniunx?
435 1820 504 1862 non
519 1798 604 1862 litteo
619 1799 692 1862 siits
707 1800 848 1862 numine
862 1799 982 1866 tlivom

56 1886 256 1957 Eveniunte
279 1905 342 1947 nee
356 1894 389 1946 te
400 1884 482 1951 hino
497 1884 657 1947 comitem
675 1894 848 1965 asportare
862 1886 1025 1953 Creiisam

54 1972 140 2045 Fas,
162 1981 222 2035 aut
236 1968 292 2033 ills
304 1968 385 2033 sinit
397 1969 510 2055 superi
524 1980 684 2057 regnator
700 1968 849 2056 Olympi.

54 2057 182 2141 Longa
197 2054 257 2119 tibi
271 2054 443 2133 exsilia‚et
457 2062 589 2117 vastum
607 2053 708 2117 maris
721 2077 846 2138 aequor
861 2056 1035 2123 arandum.
1046 2065 1110 2129 780

56 2142 110 2209 Et
126 2154 253 2204 terram
272 2140 470 2227 Hesperiam
485 2140 610 2215 venies,
632 2137 691 2200 nbi
706 2140 828 2225 Lydius
844 2163 929 2204 awa

54 2226 156 2299 inter
170 2225 287 2316 opima
300 2225 415 2291 virum
428 2223 496 2289 leni
507 2222 585 2301 lluit
603 2222 738 2310 agmine
752 2224 909 2313 Thybris.

59 2498 201 2570 spicio-
219 2496 268 2564 755
287 2494 385 2547 liorrnr
403 2496 567 2547 noctisnlii-
601 2496 731 2561 pristina:
764 2495 844 2563 igitur
868 2495 920 2546 ism
948 2497 997 2549 dea
1029 2498 1106 2555 saeta.

83 2586 117 2620 ue
141 2576 222 2619 terret
243 2582 339 2615 me.-·
358 2564 408 2630 760
426 2593 450 2602 -
472 2564 521 2627 Jsni
546 2568 568 2615 A
603 2566 674 2615 Nota
693 2577 811 2614 vetorum
825 2564 925 2629 opinio.
952 2566 1106 2620 Iinitutions

53 2588 146 2695 ¹domo
160 2651 215 2695 sua,
235 2650 309 2701 iliram
329 2633 466 2699 expilatam
484 2644 509 2683 et
523 2632 567 2681 in-
604 2632 693 2681 nostri'
707 2630 789 2701 Hylas
804 2631 911 2681 lierenli
924 2650 970 2693 per
982 2650 1105 2685 somnum

64 2722 171 2757 censam
199 2700 291 2755 ardere
316 2701 401 2763 ridet,
427 2700 460 2749 ad
482 2716 568 2749 aristam
603 2697 725 2749 obirctua
755 2716 796 2767 ap.
829 2698 887 2749 Val.
918 2698 958 2749 Fl.
984 2700 1037 2765 lV,
1061 2704 1106 2755 ⁴8.

65 2784 94 2827 et
116 2772 212 2839 regiam
235 2768 339 2829 nonlitg
359 2768 401 2819 hic
415 2784 479 2817 vern
492 2782 569 2831 pras-
603 2782 660 2835 sqq.
672 2792 705 2807 ·-
720 2768 754 2818 43
770 2795 804 2805 -
819 2766 869 2835 774
890 2766 931 2819 Ex
950 2768 982 2820 ll.
1001 2788 1034 2835 tu,
1052 2770 1105 2823 358

63 2842 127 2895 elam
156 2850 182 2890 et
212 2837 328 2904 optime
344 2836 375 2885 ab
395 2834 501 2887 llslriris
522 2852 568 2885 as·
604 2834 797 2885 *oo-11.
817 2832 922 2901 arisati,
940 2842 1105 2903 repererim

15 2956 19 2961 ,
65 2908 165 2962 servari
187 2907 273 2961 videt:
294 2907 389 2955 t're'daa
410 2920 460 2953 nro
474 2902 509 2953 ibi
522 2920 568 2953 re·
605 2914 707 2965 est,nt
737 2903 796 2953 loco
817 2903 952 2954 simillimo
973 2906 1029 2970 ill,
1057 2908 1105 2959 148

64 2990 155 3048 perta,
190 2976 310 3026 disodit.
347 2974 497 3022 Portis-{luta
522 2991 569 3019 νη·
602 2972 705 3024 -ιδῧ,
726 2974 767 3023 W.
791 2970 893 3044 mill·
913 2988 942 3039 ε,
964 2976 1021 3026 185.
1043 2970 1105 3043 Odz

64 3049 134 3099 auis.
154 3046 189 3096 cf.
207 3059 264 3110 inp.
284 3046 342 3095 528.
365 3039 567 3103 terrionis-nerlu,
603 3034 645 3109 ὅγ’
678 3035 784 3095 ἄνευθε
818 3042 893 3095 θεοῦ
921 3038 988 3097 τάδε
1006 3046 1103 3110 μαίνε-

65 3132 117 3184 pro
137 3110 255 3180 templo,
282 3110 351 3177 quod
375 3110 403 3161 in
428 3126 487 3160 arce
508 3101 566 3159 init·
600 3128 656 3165 ται.
676 3112 711 3161 Et
729 3110 824 3161 similia
840 3111 913 3163 olibi.
931 3113 1103 3166 'soracten-

67 3182 103 3237 ei.
123 3200 180 3249 sup.
206 3180 239 3230 ad
262 3180 320 3249 557.
350 3180 438 3247 Enrip.
466 3174 567 3227 'troad
602 3196 646 3231 sae
665 3180 751 3229 oratio
772 3178 881 3230 allectus
900 3180 986 3247 pleno.
1003 3212 1033 3220 —
1052 3200 1102 3253 779

65 3252 100 3303 32
119 3248 206 3317 simpl.
225 3242 281 3301 ini
303 3245 407 3315 στέγαις
420 3238 517 3300 ταῖσδ’.
534 3270 568 3285 -·
602 3246 966 3310 1³ar.t21turn,a·÷=1voluntas
984 3252 1103 3303 deorum.

64 3321 142 3391 piceri
171 3330 196 3366 rt
223 3330 321 3367 renim
345 3319 478 3383 captivae,
504 3328 568 3383 quit!
601 3348 635 3361 -
653 3316 705 3387 780
719 3318 814 3385 -711-’1
841 3316 941 3367 exsilia
968 3338 1016 3387 pro
1034 3322 1105 3369 exii·
1203 3364 1207 3373 ,

65 3386 164 3441 Graeci
179 3386 315 3437 abducturi
334 3394 416 3436 erant.
451 3386 570 3449 ilxpres-
603 3388 686 3439 lirini,
706 3384 802 3435 etheo
825 3384 935 3452 puleltro
955 3406 1003 3455 pro
1022 3388 1104 3456 longo

67 3458 126 3509 s'um
152 3453 303 3505 miserabile
327 3454 379 3504 hoe
405 3453 568 3521 captivorum
603 3454 699 3506 itinero
720 3452 762 3503 vel
781 3470 887 3515 errore,
913 3454 1034 3507 adiuncto
1050 3474 1104 3507 no-

67 3540 161 3595 agmeu
175 3524 206 3573 in
226 3524 328 3573 Tabula
349 3520 426 3574 iliaca
445 3540 472 3576 n.
495 3536 550 3571 ιιι.
561 3554 569 3579 ,
602 3524 687 3585 tione,
706 3520 779 3589 qnod
798 3534 872 3575 extre
891 3526 1001 3591 patriam
1019 3526 1057 3587 sit,
1077 3534 1105 3578 et

67 3594 96 3645 et
115 3592 144 3644 in
166 3590 308 3659 Polygnoti
327 3590 427 3657 pictura
439 3608 481 3659 ap.
497 3588 569 3639 Pau·
604 3610 637 3642 ex
651 3593 779 3640 orandum
793 3590 981 3645 adsumendum
994 3594 1105 3646 verbum

10 3720 23 3731 ,
67 3660 124 3713 osii.
144 3661 181 3725 Χ,
201 3661 242 3712 25.
262 3660 303 3711 αἱ).
323 3658 356 3711 ef,
375 3658 424 3713 ini.
442 3660 569 3725 lll‚323=
603 3660 699 3711 latius:
719 3660 846 3723 citriensis,
864 3674 895 3714 ut
911 3662 962 3712 iam
987 3665 1105 3715 Sera.-

66 3728 149 3783 Ovid.
173 3732 238 3783 illst.
265 3729 347 3791 Xlll,
372 3746 435 3796 4¹2·
458 3744 515 3796 sqq.
535 3750 570 3765 -
603 3728 703 3796 Lydius
724 3728 836 3797 Thybris
850 3747 898 3797 pro
919 3732 1053 3791 Etruscus,
1071 3746 1105 3781 ex

67 3812 130 3863 ·7¹·
149 3816 208 3868 772·
228 3800 305 3849 tectis
320 3798 410 3861 urbis,
429 3798 496 3849 intra
519 3810 569 3844 nr·
603 3804 693 3848 vetrae
713 3796 841 3865 opinione
857 3798 966 3869 originis
980 3800 1104 3850 Etruseo-

65 3840 569 3930 innomin-n·nmt‹1erum,etto-
603 3882 662 3916 rum
682 3864 794 3935 aLydis
814 3867 960 3922 ducta‹·.-
978 3884 1042 3916 eura
1061 3868 1105 3915 oi-

66 3944 136 4002 λον,
162 3936 278 4005 insilix,
297 3936 439 3987 infeliciter
460 3934 570 3986 amissae
605 3930 661 3983 riam
681 3936 783 4003 signate
799 3937 921 4005 exemplo
937 3936 1031 3987 Graeci
1049 3926 1104 3989 oir-

66 4004 238 4057 Creiisae.-
255 4019 320 4057 notu
340 4007 425 4056 rrruior
442 4005 481 4071 i.‚
499 4000 526 4057 lt.
545 4018 570 4055 e.
605 4002 734 4071 desist-
751 4002 805 4057 leni
817 4002 886 4077 fluit
909 4002 1016 4074 «agmine
1050 4006 1104 4058 Su·
