2422 5084
55 704 61 723 ’
135 686 212 763 226
375 695 410 744 r.
462 692 675 745 vracrnrr
726 690 930 743 aaronis

24 852 30 877 ’·
136 849 354 932 Sclllamque,
374 840 608 927 elleborosque
622 838 746 929 gravis,
768 838 901 929 nigram
927 860 972 903 ue
987 836 1180 925 bitumen,

139 940 345 1005 nontamen
361 926 430 994 ulla
444 927 552 1014 magis
564 948 722 1015 praesens
735 924 872 991 fortuna
887 926 920 990 la
965 946 1047 991 rum
1060 934 1126 1000 eat.-
1179 984 1185 1011 ,

140 1024 255 1111 Quam
271 1015 300 1080 ai
314 1015 390 1101 quis
401 1013 494 1079 ferro
508 1012 621 1101 potuit
632 1010 824 1077 rescindere
834 1032 1013 1077 summum

138 1104 270 1174 Ulceris
282 1123 327 1167 os.
371 1098 484 1165 Aliter
497 1096 621 1162 vitium
635 1096 789 1183 vivitque
800 1096 957 1183 tegendo,

139 1196 231 1262 Dum
247 1185 396 1253 medicas
411 1182 573 1247 adbibere
586 1184 763 1249 manased
779 1185 919 1247 volnera
931 1193 1051 1269 pastor
1124 1184 1181 1257 466

140 1276 306 1361 Abnegat,
328 1280 388 1335 eut
404 1268 545 1333 meliora
561 1267 640 1333 deos
655 1268 749 1333 sedet
762 1266 876 1333 omina
886 1289 1042 1354 poscena.

180 1363 237 1427 uin
251 1355 371 1435 etiam,
393 1354 463 1419 ima
479 1352 767 1425 dolorbalantum
781 1355 897 1441 lapsus
910 1352 953 1417 ad
969 1376 1050 1419 osae

142 1364 262 1537 guum
277 1439 373 1518 furit,
394 1450 493 1527 atque
505 1450 597 1504 artua
611 1438 802 1527 depascitur
815 1438 911 1505 arida
923 1436 1044 1519 lebria,

139 1528 273 1602 Profuit
289 1525 443 1591 incensos
456 1536 565 1588 aestus
578 1536 746 1602 avertere,
766 1536 802 1589 et
813 1524 901 1591 inter

139 1623 214 1688 Ima
227 1611 329 1678 ferire
340 1608 437 1699 pedis
451 1609 623 1675 salientem
636 1610 798 1697 sanguiue
811 1630 947 1695 venam,
1122 1614 1179 1681 460

139 1701 282 1773 Bisaltae
299 1717 367 1782 quo
382 1716 479 1759 more
491 1694 610 1770 solent,
631 1716 775 1781 acerque
789 1695 953 1773 Gelonus,

144 1788 264 1875 Quum
281 1779 368 1865 fugit
381 1778 416 1845 in
431 1778 630 1867 Rhodopen,
650 1796 751 1867 atque
764 1781 799 1845 in
816 1781 950 1845 deserta
963 1778 1144 1865 Getarum,

139 1875 186 1942 Et
196 1873 249 1937 lac
261 1878 457 1932 concretum
472 1885 549 1929 cum
565 1865 726 1952 sanguine
788 1876 834 1931 tat
850 1865 985 1953 aquino.

185 1956 301 2043 Quam
315 1951 435 2039 procul
450 1961 510 2014 ent
526 1950 621 2016 molli
636 1974 731 2017 succe
756 1974 814 2016 ere
826 1951 959 2039 saepius
973 1950 1118 2015 umbrae

140 2039 285 2117 Videris,
309 2047 368 2101 aut
382 2058 533 2102 summas
548 2048 742 2124 carpentem
756 2037 912 2125 ignavius
926 2036 1061 2117 herbas,
1122 2037 1179 2107 466

135 2118 410 2207 Έκῖτεηιαωῳιο
423 2120 538 2209 aequi,
559 2132 620 2191 aut
632 2122 745 2189 medio
759 2121 985 2214 procumbere
998 2142 1120 2211 eampo
1167 2176 1170 2181 .

138 2214 346 2284 Pascentem,
370 2217 405 2271 et
419 2229 513 2272 serae
526 2207 632 2272 solam
650 2208 811 2275 decedere
824 2208 932 2289 nocti3
1111 2212 1116 2219 '

141 2295 313 2367 Continuo
326 2291 461 2378 culpem
473 2290 571 2354 serre
584 2310 756 2383 conpesce,
776 2293 873 2382 prius
883 2314 987 2377 qnam

141 2544 466 2619 Ptin.XX1V,7aa·l.-
483 2545 647 2617 ntitacspa
680 2544 1174 2671 utGreacorampobturumqetada'par

142 2622 281 2678 marinum.
296 2645 332 2656 -
355 2614 482 2665 citaturus
500 2619 612 2682 gravia,
631 2632 646 2667 a
680 2614 885 2687 neptuim—4
943 2622 1064 2671 incensos
1086 2632 1173 2677 emur,

139 2682 217 2742 ⁴ravi
238 2681 434 2737 odoronlbnm
458 2694 546 2734 autern
583 2701 646 2736 enua
680 2687 811 2755 vulgarius
825 2638 1001 2757 seridon-
1029 2688 1100 2741 Tum
1115 2706 1174 2757 pra-

142 2711 198 2809 lit.
208 2752 329 2821 spectari,
347 2750 471 2803 vineunt
484 2752 537 2803 iam
552 2701 596 2802 alii
613 2769 647 2805 ex
671 2752 753 2824 sirit,
778 2756 895 2823 prodeat.
914 2784 947 2799 -
976 2758 1026 2811 461
1059 2758 1174 2809 Bisaltae

142 2823 247 2877 Colum.
260 2820 320 2880 Vll,
338 2820 364 2883 5,
401 2848 449 2873 .-
467 2835 520 2887 452
540 2816 646 2873 Excitat
680 2823 807 2893 Thraces,
825 2826 863 2877 cia
884 2826 1059 2893 Strymonem
1076 2827 1102 2879 in
1121 2826 1175 2879 tt·-

142 2908 234 2946 rarsus
248 2888 353 2940 Colum.
372 2837 434 2951 dli,
452 2900 478 2955 5,
499 2906 539 2941 ro.
548 2888 647 2941 Habuit
681 2891 808 2945 cedoniaa
829 2893 884 2943 oria
903 2894 1065 2962 babitantaa,
1081 2894 1124 2946 alii
1135 2904 1175 2946 at·

141 2968 204 3012 ante
223 2956 316 3009 oculos
336 2954 446 3009 Gratius
473 2956 573 3028 Cyneg.
596 2958 648 3025 360
681 2960 733 3012 iam
774 2961 843 3013 ultra
867 2962 1048 3043 Strymonem.
1088 2962 1175 3017 Gelani

142 3046 218 3147 tlt.
238 3024 572 3164 &tltfttlttttttn
586 3029 647 3145 it:
681 3028 1175 3170 tlffff’tlttttt‘lgifitll

142 3162 233 3217 dendo
259 3158 353 3212 morbo
376 3173 516 3231 parantum
536 3162 584 3215 aed
598 3179 647 3215 nau
681 3168 790 3235 migrat,
809 3178 840 3218 nt
858 3168 929 3237 apud
949 3168 1103 3233 Horatium,
1120 3180 1176 3221 eta

139 3228 270 3302 loquendi
298 3228 528 3295 labor,1aborea,
547 3231 647 3284 dictura
681 3232 849 3302 Borysthene
860 3236 924 3287 inde
937 3254 986 3305 per
998 3236 1176 3291 Getarumda·

140 3300 176 3351 da
189 3298 247 3369 ipso
261 3296 342 3363 malo,
360 3302 472 3361 morlr03
491 3301 563 3351 cuins
578 3300 644 3350 uul-
682 3312 759 3359 serta,
778 3303 815 3354 cis
835 3315 862 3354 et
875 3304 942 3357 ultra
956 3305 1021 3357 latri
1034 3306 1112 3369 ostia,
1128 3306 1175 3358 dc·

140 3368 167 3420 la
188 3365 299 3429 medela,
316 3365 391 3417 nulla
406 3366 537 3435 fortuna,
556 3371 646 3437 magia
679 3369 782 3421 scandit
796 3371 824 3422 in
839 3372 978 3426 'l'lrraciam
986 3374 1053 3425 etad
1064 3374 1174 3427 Rhodo·

138 3432 263 3507 'praesens
288 3435 643 3505 ea1,quamaiulcusope-
678 3454 740 3506 pen.
775 3438 864 3490 Lactia
890 3442 981 3510 equini
1007 3460 1073 3495 uana
1092 3443 1121 3495 in
1136 3442 1174 3493 laia

139 3505 233 3559 riatur.
247 3529 282 3543 -
296 3501 417 3570 fortuna
443 3519 493 3570 pro
514 3506 642 3569 remedio,
677 3506 788 3573 aliisque
803 3508 909 3575 populis
923 3520 1003 3562 notua
1018 3522 1069 3567 eat.

161 3580 271 3623 uatenue
293 3568 403 3622 effectus
415 3571 527 3623 remedii
541 3584 581 3624 ast
595 3591 642 3625 sen
711 3577 762 3627 464
779 3604 815 3616 -
831 3578 882 3647 469
905 3579 948 3630 De
970 3574 1015 3630 lue
1037 3579 1172 3647 pecudum.

139 3590 264 3692 dertusae
291 3636 440 3699 obnoxium
472 3640 512 3691 uti
523 3640 643 3710 fortuna
678 3642 758 3711 Signa
775 3646 878 3712 pecoris
888 3645 957 3699 febri
967 3647 1171 3715 pestilentiten-

141 3705 258 3757 aollenni
283 3704 363 3756 modo
388 3724 437 3774 pro
467 3726 590 3761 successu
615 3721 643 3760 ct
676 3713 724 3763 tati
738 3724 887 3767 antimerat:
909 3716 994 3777 Quam
1009 3719 1109 3767 videris
1124 3722 1171 3769 oct

139 3784 236 3827 eventu
248 3768 353 3825 dicitur.
371 3773 433 3826 Alio
447 3777 528 3829 modo
543 3776 641 3830 dietum
675 3780 709 3831 ad
723 3781 783 3849 467.
797 3810 831 3821 --
855 3785 906 3850 46,
919 3785 995 3836 molli
1007 3787 1116 3838 umbrae
1125 3800 1170 3851 pru

138 3852 180 3893 cst
201 3842 266 3890 deu.
287 3840 355 3904 Vll,
372 3858 424 3909 559
448 3848 473 3894 si
493 3866 546 3913 qua
565 3866 641 3915 salter
674 3860 771 3915 gratae.
787 3850 974 3904 Permutantur
987 3854 1061 3905 enim
1069 3854 1171 3907 nonina

129 3909 247 3979 fortuna
264 3908 382 3958 laborum
399 3924 447 3973 aar,
466 3930 539 3966 caetu
553 3915 639 3967 sortu·
675 3929 702 3967 et
725 3917 850 3971 attributa
860 3938 984 3973 sensuum
995 3925 1104 3989 poetico
1115 3938 1168 3975 uae.

137 3994 238 4029 nne-
256 3978 421 4041 ebroinum,
440 3980 523 4046 ulcus,
541 3983 635 4037 aarties.
671 4012 706 4023 -
724 3985 774 4053 467
796 4007 870 4037 aerae
889 3991 1015 4039 decedere
1035 3994 1121 4055 nocti,
1143 4006 1166 4043 v.

135 4070 172 4085 -
185 4046 305 4111 regente,
324 4044 385 4096 dum
399 4048 505 4117 tegitur.
520 4052 637 4104 ltlorea-
670 4053 727 4107 Ecl.
749 4054 818 4117 Vlll,
836 4058 878 4109 88.
899 4058 1167 4128 exquisitionem

104 4112 110 4123 “
135 4111 196 4162 darn
217 4111 302 4163 ulcera
327 4114 441 4166 attinere.
478 4118 527 4170 Est
546 4131 635 4173 autern
670 4138 763 4186 nocte,¹
789 4127 827 4175 uti
852 4126 1006 4179 adventanti
1027 4128 1075 4182 aut
1094 4144 1166 4181 aeae·

133 4196 224 4232 reraus
245 4179 413 4235 adumbratua
432 4202 447 4235 a
461 4184 570 4241 Lucret.
584 4191 632 4253 IV,
669 4194 743 4245 denti
759 4191 792 4243 de
806 4196 847 4246 ria
860 4195 1022 4251 decedimus.
1032 4199 1092 4252 468.
1102 4196 1165 4247 coa-

133 4247 211 4304 1062,
233 4248 314 4299 Ulcus
335 4255 401 4301 enim
425 4256 533 4304 na'veaeit
546 4270 571 4307 et
586 4262 632 4309 in·
667 4266 741 4313 riano
764 4263 832 4317 rub.
855 4281 911 4315 eam
932 4266 1021 4316 stetin
1038 4266 1164 4319 ‹areida-

129 4321 270 4368 erternna'!
289 4319 434 4369 alendo—
451 4324 502 4376 1156
522 4326 632 4378 meliora
670 4330 784 4397 eulpam,
803 4284 831 4383 lt
841 4352 864 4385 e.
878 4349 996 4385 causeam
1011 4336 1107 4397 morbi,
1125 4336 1163 4387 ri-

130 4390 228 4451 omina,
246 4404 296 4456 pro
310 4393 493 4457 consequenti,
506 4396 631 4448 arixilium
666 4400 742 4465 tium,
760 4396 831 4469 ἄτην
854 4422 994 4470 conspetu,
1013 4420 1116 4464 cornea,
1133 4416 1164 4453 ua

127 4453 247 4510 deorum.
664 4469 744 4521 letius
768 4482 865 4539 serpat,
875 4471 972 4539 serm
991 4470 1101 4525 Gratius
1114 4470 1163 4539 Cy·

161 4525 211 4595 457
224 4524 307 4605 delur,
324 4524 441 4589 methea,
456 4533 626 4588 exulceratio.
663 4542 794 4605 neg-laio.
810 4543 839 4588 In
852 4543 938 4609 primo
952 4542 1067 4591 aduam
1080 4540 1161 4591 triatr‘a

123 4626 159 4637 -·-
176 4595 328 4661 depascatur
335 4629 345 4657 ,
362 4590 484 4666 νέμεται,
503 4604 625 4667 absumit,
661 4610 804 4673 racdr'cr'na,
818 4612 866 4661 ard
878 4628 931 4661 aaa
943 4612 1080 4662 Paeraabr'ea
1091 4611 1157 4661 redi·
