2422 5084
10 1070 23 1579 l

10 1624 14 1657 l

22 2952 31 2993 's

10 3068 12 3077 ·
23 3054 31 3091 1

10 3346 16 3385 ἱ

10 3452 19 3497 l

325 302 419 357 PH.
443 308 597 367 ANUM
620 310 842 369 ΜΘΕΒΤΛ.
970 266 1126 377 mut

51 452 271 545 Daphnidem
284 452 377 521 enim
390 451 515 522 Iulium
523 455 788 527 Caesarem'esse
803 461 1030 551 contendunts
1053 467 1099 535 ef.
1171 534 1178 541 ,

53 557 132 625 ibid.
156 578 306 647 argum,
322 556 409 623 item
427 556 615 630 Martinum
634 560 671 627 in
688 562 757 633 vit.
781 564 875 651 virg.
898 589 931 657 p.
955 558 1099 639 XXXIV

54 671 88 727 et
105 660 152 727 ad
178 661 253 729 Ecl.
275 658 324 741 V,
352 668 407 731 62.
449 658 546 727 Idem
568 662 623 729 vir
642 664 762 731 doctus
780 666 915 734 versum
934 667 1029 735 illum
1051 673 1096 737 sd
1175 706 1178 710 ·

54 762 206 833 studium
223 760 376 831 Caesaris
391 760 427 827 in
439 761 643 832 Mantuanos
657 766 849 847 referebat,
870 768 992 856 quibus
1017 796 1098 843 cum
1155 782 1159 789 '

56 866 178 933 esteris
198 864 332 955 Galliae
356 863 617 953 Transpadanas
636 868 775 937 urbibus
804 870 974 945 civitatem
995 875 1096 943 illum

54 967 201 1053 dedisse,
221 968 394 1035 memorat
405 964 471 1033 Dio
494 962 589 1050 th,
610 976 665 1042 06.

137 1068 272 1161 Lepida,
282 1067 595 1139 Grammaticorum
614 1068 728 1141 fabula
741 1086 791 1143 est
804 1076 848 1142 de
860 1077 986 1166 Ecloga
999 1092 1097 1147 sexta

55 1174 91 1243 in
104 1174 245 1241 theatro
264 1194 289 1239 a
306 1169 493 1263 Cytheride
514 1172 625 1238 mima
638 1184 797 1253 cantara,
819 1200 923 1264 quam
938 1202 1018 1248 cum
1034 1182 1097 1249 ci-

53 1300 134 1345 oero
150 1274 303 1353 audiret,¹
319 1295 477 1360 magnam
493 1273 627 1359 Virgilii
642 1273 772 1342 famam
790 1281 1005 1367 praesagiisse
1022 1281 1114 1365 fer·-¹

52 1392 120 1449 tur.
143 1400 178 1445 r.
197 1380 325 1449 Donat.
346 1378 378 1463 S.
394 1384 454 1447 41.
497 1374 636 1446 Servius
648 1376 691 1446 ad
706 1378 780 1443 Ecl.
801 1380 866 1461 vt,
889 1391 938 1451 11.
961 1392 964 1396 ⁴

141 1482 219 1551 Hos
233 1503 327 1549 anuo
341 1480 384 1546 ad
404 1476 490 1553 Xffl,
511 1477 589 1547 ΚΑΙ.
609 1479 718 1569 April·
742 1479 834 1561 (XX
855 1483 987 1565 Martii)
1009 1486 1097 1555 Ovi-

53 1586 130 1655 dius
153 1596 256 1653 natus
283 1594 354 1655 ests
377 1602 440 1645 neo
459 1582 569 1647 multo
590 1595 670 1648 ante
690 1581 910 1671 Propertius3
942 1585 1098 1654 Tibullus

54 1686 263 1757 antemium
284 1695 366 1749 ante
388 1687 453 1753 706
476 1692 575 1747 natus
595 1697 689 1765 erat3
710 1706 922 1771 quamquam
949 1687 1005 1751 alii
1030 1688 1099 1754 eius

55 1788 188 1867 natales
208 1784 251 1852 ad
270 1808 301 1851 a.
323 1792 404 1865 690,
439 1782 605 1870 Propertii
624 1795 740 1851 autem
755 1786 798 1852 ad
820 1809 851 1853 a.
876 1795 942 1860 697
970 1788 1100 1857 referre

55 1872 193 1963 volunt·
238 1886 392 1962 Catullus
406 1883 475 1953 iam
490 1883 580 1951 eirea
593 1892 657 1959 706
677 1885 816 1958 obierat.
884 1880 887 1885 ¹

287 2002 299 2035 1

471 2036 514 2103 U.
557 2038 594 2105 C.
639 2050 712 2113 712.

58 2166 109 2243 Π.
145 2159 325 2235 Aemilius
358 2152 516 2249 Lepidus
552 2156 599 2228 ΙΙ.
635 2160 682 2229 L.
718 2160 902 2229 Munatius
931 2162 1097 2231 Plancus.

190 2344 194 2353 Ι
288 2286 322 2331 a.
345 2258 383 2329 0.
405 2268 457 2335 42.
505 2256 658 2355 Virgilii
676 2274 720 2337 28
740 2302 784 2317 ·-
804 2274 857 2336 29.

55 2368 59 2377 ’
142 2380 334 2456 Triumviri
369 2380 506 2448 Caesari
539 2384 670 2452 divinos
708 2387 854 2451 honores
891 2386 1098 2453 decernunt:

60 2493 135 2565 Kal.
156 2485 322 2559 Ianuariis
336 2484 370 2549 in
386 2484 460 2550 eius
473 2496 547 2553 acta
562 2486 692 2555 iurant:
718 2489 876 2555 sacellum
894 2493 925 2554 ei
938 2501 1101 2576 tanquam

63 2594 158 2665 heroi
173 2592 208 2657 in
224 2589 302 2656 foro
318 2586 463 2667 faciunt,
485 2600 518 2653 et
530 2610 617 2674 quae
632 2591 666 2656 id
681 2614 785 2679 genus
799 2592 898 2679 plura
917 2594 1006 2678 apud
1019 2591 1101 2656 Dio·

64 2720 142 2765 uem
162 2692 307 2773 XLVII,
332 2698 381 2761 18.
406 2697 455 2761 19.
478 2706 719 2760 memorantur.
764 2694 794 2760 Α
817 2693 987 2781 quoinde
1011 2705 1102 2757 tem-

64 2822 144 2891 pore
155 2796 245 2865 Divi
248 2792 355 2883 filius
368 2793 576 2859 Octavianus
591 2796 656 2861 diei
672 2795 799 2887 coepit,
822 2797 864 2861 de
877 2816 944 2882 quo
962 2792 1102 2856 nomine

57 2903 140 2971 ,ntis
158 2898 294 2989 copiose
315 2898 382 2984 agit
401 2896 514 2965 Heius.
537 2897 579 2963 ad
591 2899 675 2965 Aen.
699 2900 763 2983 vl,
792 2905 865 2969 793.
911 2897 1011 2962 Anno
1029 2891 1103 2957 fers

66 3012 229 3083 exeunte,
263 3010 434 3089 pugnatur
466 3000 506 3066 ad
528 3000 722 3089 Philippos,
754 3000 792 3067 in
823 3023 862 3064 ea
882 2992 1104 3064 Macedoniae

57 3118 158 3197 ,parte
171 3103 268 3185 sitos,
291 3124 376 3189 quae
389 3102 468 3168 olim
485 3102 528 3167 ad
549 3103 728 3168 Thraciam
748 3101 972 3189 pertinuerat.
1014 3096 1104 3158 Bru-

64 3222 117 3277 tus
134 3219 169 3273 et
189 3205 321 3272 Cassius
344 3226 458 3269 sesua
473 3225 578 3267 manu
600 3203 818 3273 interficiunt.
863 3200 915 3264 De
931 3214 1047 3287 pugnat
1059 3193 1102 3260 ad

63 3311 233 3398 Philippos
262 3329 296 3372 r.
333 3305 394 3371 Ge.
417 3306 451 3383 1,
488 3311 552 3374 489
587 3325 659 3389 sqq.
702 3304 750 3369 Μ.
776 3300 942 3368 Antonius
969 3298 1020 3364 -ad
1047 3319 1102 3363 res

66 3412 158 3491 Asiae
170 3408 422 3478 constituendas
434 3405 592 3473 discedit:
616 3405 823 3473 Octavianus
843 3405 879 3469 in
900 3404 1028 3471 ltaliam
1042 3423 1102 3467 re-

64 3500 111 3582 dit
123 3513 168 3581 ad
184 3532 283 3599 agros
298 3523 331 3576 et
342 3508 500 3630 praemia
515 3508 607 3575 inter
619 3521 796 3577 veteranos
811 3504 1050 3575 distribuenda.

10 3606 26 3665 'l
146 3617 200 3684 Ad
225 3614 377 3705 Caesaris
403 3611 709 3695 consecrationem,
732 3632 832 3698 quum
848 3609 1015 3687 diximus,
1037 3627 1104 3671 no·

64 3720 145 3791 biles
169 3720 221 3788 illi
246 3739 362 3783 versus
383 3727 554 3803 spectant,
581 3720 666 3786 Aen.
690 3717 724 3799 Ι,
754 3724 817 3787 286
836 3749 881 3764 -
902 3721 975 3784 290.
1020 3708 1103 3777 Να-

61 3839 176 3897 eretur
203 3818 338 3913 pulcra
373 3816 545 3885 troianos
572 3821 707 3909 origine
733 3817 863 3885 Caesar
891 3829 952 3882 etc.
984 3825 1017 3878 et
1040 3812 1102 3890 Vl,

10 3966 12 3985 ¹
60 3928 221 4013 ’1901ιὶ0
250 3922 397 4006 Caesar,
434 3933 470 3987 et
493 3923 604 3989 omnis
626 3921 699 3987 Iuli
719 3919 911 4025 Progenies
937 3932 1104 4005 magnum

60 4032 154 4104 ‚coeli
168 4036 319 4093 ventura
334 4025 394 4091 sub
411 4050 526 4095 axem.
570 4028 622 4091 De
644 4027 758 4092 eadem
776 4021 1029 4090 consecratione
1044 4032 1104 4077 seu

61 4131 238 4228 apotheosi
261 4152 361 4221 agere
383 4131 485 4235 vulgo
519 4128 734 4203 aristantur
756 4126 943 4276 Daphrpis,
980 4115 1105 4201 Ecloga

104 4242 176 4292 Pan
192 4238 219 4295 1.
