2386 4702
314 314 559 374 neustrios.
610 315 695 365 ΜΒ.
720 314 767 365 11.

22 463 155 553 Eripui,
180 462 297 539 fateor,
321 464 391 528 leto
405 454 470 535 me,
492 473 525 527 et
536 461 664 529 vincula
680 462 779 560 rupi3

19 552 224 635 Limosoque
240 551 314 615 lacu
355 573 391 613 er
407 560 539 614 noctem
556 549 716 612 obscurus
726 571 761 612 m
778 549 859 617 ulva
991 556 1065 631 '135

21 630 162 714 Delitiri,
185 638 268 700 dum
284 574 370 715 veli,
391 634 510 702 darent
524 633 553 699 si
566 633 664 713 forte,
683 634 860 703 dedissent.

22 721 94 789 Il'ec
109 721 194 787 milri
207 722 273 791 iarn
290 722 432 807 patriam
448 719 621 805 antiquam
642 742 718 805 spes
733 720 802 784 ulla
816 722 967 807 videndi,
993 788 996 793 ,
1090 798 1092 802 ,

23 807 92 873 Nec
108 806 213 871 dulcis
226 819 320 871 natos
338 817 603 892 exoptatumque
616 815 811 894 perentam
1007 816 1010 821 '

24 892 119 982 Quos
134 891 180 956 illi
194 889 265 955 fors
280 891 322 956 ed
338 913 462 978 poenes
476 892 520 956 cb
537 902 648 956 nostra
661 903 840 977 reposcent

18 976 170 1063 Effugis,
182 988 216 1041 et
230 979 363 1063 culpam
376 977 464 1042 lianc
480 977 683 1042 miserorum
697 986 810 1041 morte
824 975 976 1072 piabunt.
999 987 1063 1051 140

22 1064 172 1149 Quodis
188 1084 250 1149 per
263 1084 403 1148 superos
414 1073 447 1126 et
460 1060 590 1127 conscia
606 1059 749 1127 numina
763 1082 844 1139 verr,
902 1094 907 1105 ·

22 1148 100 1230 Per,
122 1147 149 1213 si
166 1159 310 1231 quaest,
332 1168 419 1236 quae
433 1158 536 1212 restet
548 1147 660 1212 adhuc
674 1145 874 1211 mortalibus
886 1170 1032 1239 usquam

17 1234 223 1301 intemerata
237 1231 329 1309 fides,
351 1255 423 1313 oro,
446 1232 605 1297 miserere
617 1231 775 1299 laborum

11 1320 233 1396 -Tantorum3
254 1317 416 1382 miserere
433 1312 549 1391 animi.
572 1341 640 1383 uon
655 1314 757 1403 digna
772 1311 923 1382 ferentis.

64 1406 126 1471 llis
140 1404 286 1470 lacrimis
300 1404 405 1468 vitam
418 1405 550 1482 damus,
570 1417 604 1470 et
617 1398 864 1483 miserescimus
875 1405 979 1471 ultro.
1001 1409 1065 1475 146

10 1488 31 1557 1
76 1514 97 1553 e
110 1490 185 1553 viro
202 1489 329 1574 primus
343 1489 488 1555 manicas
501 1501 603 1575 etque
616 1500 689 1557 arta
707 1489 812 1554 levari

10 1514 143 1641 tlibela
156 1573 250 1637 iubet
261 1574 428 1653 Priamus,
450 1571 610 1659 dictisque
625 1576 672 1639 ita
687 1569 781 1637 fatur
796 1571 929 1639 amiciet

10 1660 190 1750 Quisquis
204 1682 249 1737 es,
271 1659 409 1724 amissos
424 1658 503 1723 binc
520 1660 587 1723 iam
603 1658 801 1724 obliviscere
816 1655 959 1740 Graios3

10 1746 147 1812 Noster
163 1746 246 1817 erist
267 1744 418 1828 mihique
433 1744 515 1809 baec
523 1745 665 1810 edissere
679 1766 762 1808 vera
773 1743 925 1826 roganti:

10 1831 105 1922 Quo
149 1832 275 1894 molem
319 1829 408 1895 hanc
453 1830 599 1894 inmanis
644 1828 721 1915 equi
762 1829 940 1894 statuere?
990 1828 1065 1916 quis

629 1913 773 1980 auctor?
1002 1925 1066 1985 150

10 2000 161 2091 Quidve
177 1998 320 2088 petunt?
341 2019 429 2083 quae
442 1998 582 2086 religio?
603 2012 665 2066 cut
678 2020 763 2086 quae
777 1997 934 2065 machina
946 1997 1050 2067 belli?

10 2084 178 2155 Dixerat.
219 2085 290 2167 Ille,
312 2084 398 2150 dolis
412 2084 595 2152 instructus
610 2099 645 2151 et
655 2094 728 2151 arte
741 2084 886 2170 Pelasga,

10 2376 67 2425 tus
75 2370 132 2423 Cel.
141 2368 211 2436 ΧΠ,
230 2376 289 2428 583.
307 2373 416 2444 (Sabas
424 2371 525 2444 fruges
559 2390 603 2426 me
614 2387 675 2425 sera
688 2386 801 2427 narrare.
811 2369 915 2423 -Mox
925 2371 1062 2442 sidsulee,

10 2441 72 2493 vel
88 2439 184 2489 molam
205 2445 303 2494 saliam
327 2456 354 2495 et
373 2438 526 2512 οὐλοχύτας
561 2459 638 2510 quem
650 2439 693 2491 bic
712 2440 851 2507 inclamat,
871 2450 910 2490 est
934 2441 996 2492 iusti
1016 2459 1064 2495 re·

10 2500 149 2572 differre,
168 2508 258 2563 docuit
284 2513 391 2564 Vossius
411 2516 445 2565 ad
467 2512 524 2563 Ecl.
562 2511 650 2576 otique
674 2508 857 2573 observantie,
887 2507 916 2560 lt.
948 2511 967 2562 l.
996 2510 1062 2562 iuris

10 2586 50 2643 p.
70 2593 133 2646 429.
156 2579 208 2641 W.)
231 2581 279 2631 154
292 2600 330 2648 sq.
344 2583 404 2633 Vid.
421 2600 478 2647 sup.
493 2580 527 2632 ad
562 2577 645 2629 divini
661 2586 690 2629 et
701 2574 879 2630 humanitatis.

10 2656 49 2700 ν.
66 2661 112 2713 57.
153 2647 270 2697 Vincula
285 2665 340 2698 non
354 2663 415 2701 suet
437 2651 527 2712 vitree,

10 2713 83 2777 ted,
103 2712 199 2780 quibos
212 2715 306 2781 ligatus
319 2718 483 2775 servabatur,
501 2726 529 2767 et
601 2716 649 2768 145
665 2716 717 2765 His
729 2711 859 2778 lacrimis,
877 2732 926 2782 pro
942 2715 1063 2783 vulgaris

10 2780 57 2833 nd
80 2798 151 2831 erma
174 2782 371 2848 adducebatur,
402 2784 452 2836 etsi
475 2785 527 2835 iam
561 2785 612 2852 ipsi
631 2800 690 2833 cum
709 2784 820 2833 lacrimis
840 2784 955 2834 narranti
1003 2784 1063 2847 (Sic
1111 2833 1113 2837 .

10 2852 144 2903 vittatus.
164 2867 187 2901 r.
206 2850 274 2900 inire
292 2851 347 2902 156.
374 2854 443 2903 Acte
457 2868 528 2902 arem
562 2864 590 2903 et
604 2851 740 2918 pedestres
762 2850 918 2916 scriptores,
937 2850 996 2901 Lis.
1015 2868 1060 2918 54,

11 2930 93 2969 vero
109 2917 195 2967 soluta
211 2918 294 2970 st'abat
314 2921 406 2971 hostia.
424 2949 460 2959 -
480 2918 528 2972 136
562 2936 589 2988 5,
607 2921 727 2987 negastis
740 2920 789 2967 boe
808 2920 863 2985 piis
879 2919 1000 2984 precibus
1018 2940 1064 2970 ea·

10 2982 257 3057 Jnterpuriximus:
286 2990 347 3037 dum
369 2989 441 3053 vela,
475 2991 529 3037 da·
563 3007 628 3039 nans.
652 2990 703 3046 Wl
728 2988 853 3039 ultroest
872 2986 1003 3051 libenter,
1020 2988 1064 3041 ie-

10 3065 86 3107 m!
106 3052 231 3120 ss'jbrte,
250 3058 397 3118 dedissent,
415 3069 445 3108 ut
465 3057 529 3107 iim-
564 3058 608 3107 cili
634 3066 789 3124 promtoqus
809 3053 908 3106 animo.
943 3054 1005 3106 idox
1022 3056 1064 3108 le-

12 3138 90 3245 Ξις
110 3124 172 3169 dum
187 3126 399 3188 ‹redies-nivele,
418 3124 530 3195 siforte
563 3127 623 3174 vari
640 3134 680 3173 est
703 3123 783 3176 laxari
806 3124 929 3189 proprie,
946 3133 975 3173 ut
991 3128 1065 3179 bene

10 3196 13 3201 '
50 3203 131 3241 irent.
169 3191 236 3242 Nam
252 3192 338 3244 ieiuno
358 3206 399 3246 est
420 3193 530 3261 migeris
566 3195 672 3253 Burm.,·
701 3205 758 3243 tum
787 3191 873 3259 poe'tis
892 3190 1002 3243 omnino
1029 3196 1065 3245 de

12 3260 111 3316 ulid:
136 3262 197 3309 dum
211 3262 268 3311 velo
288 3266 395 3328 darent,
414 3265 524 3333 sijum
565 3262 660 3312 demtis
678 3260 797 3313 vinculis.
815 3259 869 3310 'Sic
886 3272 912 3312 el
926 3261 1064 3334 καλῷ.-

16 3330 530 3399 deds'ssent.—137b'equentisegre-
567 3330 613 3382 148
634 3333 726 3396 Hinc,
746 3344 842 3397 perro,
874 3328 902 3380 in
922 3343 1065 3399 posterum,

41 3399 69 3448 ’e
86 3396 120 3447 sd
131 3397 326 3451 miserationem
343 3401 453 3452 licta.ln
469 3399 531 3469 qui-
566 3402 790 3451 amissos=iirui'os
809 3395 892 3461 dixit,
910 3398 1063 3464 utliberes,
1091 3440 1094 3447 .

16 3416 77 3519 {tm
89 3463 238 3531 respexisse
251 3469 333 3520 sideri
354 3479 441 3537 potest
459 3468 489 3520 ll.
508 3487 530 3534 e,
565 3468 678 3532 etnicos,
705 3483 783 3544 sopra
813 3464 842 3528 l,
875 3485 932 3533 217.
959 3470 1063 3533 socios,

16 3533 353 3652 408.409.—-pa1rtem
383 3541 530 3607 antiquam,
566 3540 694 3600 emimus,
727 3535 934 3604 quibusprivrti
953 3553 1062 3604 sumus,

44 3601 182 3661 fiscinam
201 3602 400 3675 nirilamplius.
436 3608 531 3658 Omni·
566 3606 704 3674 exquisite.
729 3632 761 3642 -
790 3603 1065 3672 14911tad.e,384.

63 3669 219 3733 secludis,
246 3677 393 3736 exsulibus,
411 3676 530 3728 tmnsiu-
566 3685 593 3724 et
607 3674 665 3724 aliis
683 3674 762 3726 locis:
781 3664 904 3741 ’Ali’d'pe
931 3691 981 3742 μοι
999 3671 1065 3731 rdds

21 3740 67 3811 gis
87 3737 161 3807 prior
183 3741 265 3803 petria
281 3755 320 3796 est
343 3748 455 3814 antiqua
475 3764 531 3813 pc·
565 3739 624 3796 sisti
641 3741 688 3796 secl
701 3737 836 3809 ἀτρεκέως
849 3736 1010 3810 κατᾶλὲξον.
1031 3772 1064 3786 -

18 3812 93 3862 erio.
133 3807 175 3856 Ob
187 3822 279 3862 nostra
296 3811 409 3883 «Μία,
426 3814 531 3880 plenius
569 3815 612 3864 151
629 3812 702 3878 Quid
715 3814 742 3864 in
757 3828 824 3879 eqoc
838 3810 990 3864 labricando
1003 3830 1065 3880 spe·

22 3892 106 3949 quem
122 3875 208 3931 exiles
227 3882 262 3931 ob
276 3881 363 3945 fugem
386 3899 477 3936 meam.
496 3908 531 3923 -
565 3881 688 3932 ctsrunt?
717 3897 780 3931 num
800 3878 933 3949 religionis
957 3898 1062 3944 mutu,

20 3946 158 4017 piabunt,
190 3944 217 3996 b.
244 3967 267 4000 e.
294 3950 451 4017 expiabunt,
481 3966 531 4016 pro
565 3961 595 3999 ut
611 3948 752 4001 decelieui
769 3958 969 4007 consecrarent,
986 3963 1063 4001 snut

20 4013 150 4085 punient,
166 4010 333 4083 ulciscentur,
350 4021 531 4087 exquisite-
564 4017 683 4068 machina
706 4016 799 4069 bellice
823 4028 909 4079 esset,
943 4018 1064 4069 fabricati

13 4086 78 4135 '141
100 4083 182 4146 ouva.
202 4101 268 4150 quse
281 4104 339 4138 cmn
353 4088 388 4137 ite
400 4089 464 4139 sint.
481 4088 531 4139 Est
564 4084 646 4137 erint?
675 4085 736 4137 Mor
756 4104 781 4136 s.
803 4086 849 4137 152
870 4086 938 4134 dolis
960 4088 1064 4134 instru-

23 4145 46 4208 ὃ
61 4167 113 4220 pro
127 4144 195 4205 καθ’
212 4147 231 4206 ὅ
239 4192 247 4221 ,
266 4150 303 4211 δι’
316 4151 340 4211 ὅ.
360 4161 465 4207 cimicia
479 4175 530 4205 ιιι-
564 4167 622 4203 esus
646 4154 814 4205 Homericum
825 4159 934 4208 sexcies
954 4147 1064 4209 dilores

23 4224 108 4289 αἱμα
122 4224 194 4287 veri,
209 4222 376 4295 inspectores
394 4234 529 4292 resson,
561 4219 737 4290 mrem,
753 4219 968 4291 κερδαλεόφρον
985 4223 1018 4276 ΙΙ.
1035 4223 1063 4293 0,
