2386 4702
130 314 254 381 xxxiv
324 314 360 367 r.
388 309 597 368 vinoun
622 286 834 363 'lenonis
858 308 973 363 vrrs

133 458 195 550 ‘Vq
217 463 389 538 Mertiuns
402 461 468 535 hoo
481 460 555 551 ipso
567 480 658 527 enno
672 474 747 525 eum
761 455 921 549 scriptam
935 478 1010 523 esse
1027 458 1184 549 putebat,

133 591 174 648 ut
195 573 280 651 adeo
303 567 491 649 Octaviano
511 562 651 630 Cressri
669 562 737 628 ism
752 572 828 651 tum
844 561 944 627 Maro
956 562 1186 631 sommenda-

135 694 190 747 tus
213 697 287 742 esse
310 669 518 747 videretur5'
540 665 644 751 idque
677 664 743 731 hoo
764 662 838 751 ipso
858 664 1010 731 carmine
1033 688 1107 733 esse
1129 664 1188 733 fa·-

133 791 240 849 etum.
284 775 323 844 si
349 768 435 839 mihi
455 769 541 836 haec
560 768 770 848 coniectura,
808 788 896 863 quae
915 789 982 857 per
1000 790 1037 835 se
1061 770 1188 837 admo&

49 912 53 923 ·
135 885 221 950 tium
243 878 412 956 levisset,
434 871 477 938 de
501 894 611 955 enno,
639 894 706 958 quo
725 868 850 957 scriptu
872 884 959 936 essen
981 870 1110 959 Ecloga
1135 874 1187 953 V,

120 982 306 1053 ,firmanda
331 992 435 1047 esset:
471 978 567 1045 eliud
586 974 759 1061 ¹aliquanto
782 970 915 1037 firmius
940 980 1190 1063 argumentur&

139 1087 308 1154 alienum.
350 1084 392 1149 ln
407 1080 454 1150 lX
472 1080 544 1149 Eol.
566 1100 602 1143 v.
625 1084 677 1146 19.
701 1084 755 1145 90.
799 1074 888 1157 Quis
902 1088 1044 1144 curreret
1063 1078 1186 1169 Nym-

134 1180 255 1283 phos?
277 1187 354 1277 quis
365 1176 726 1275 Isumnmflorentibne
744 1178 860 1245 herbis
878 1176 1101 1270 Spargant?
1123 1192 1187 1249 ans

139 1292 248 1363 uiridi
268 1290 387 1382 fontes
412 1287 596 1355 induceret
618 1280 770 1349 nnsbra?
805 1278 1018 1349 hauddubie
1037 1282 1081 1349 o'd
1110 1284 1187 1351 Eoi.

138 1400 189 1475 V.
219 1406 271 1466 20.
294 1403 346 1464 40.
367 1390 568 1478 respicitur3
592 1407 665 1452 eom
683 1384 798 1470 itaque
813 1406 924 1469 nonu,
946 1408 1048 1475 quam
1069 1392 1188 1459 utta

141 1500 303 1588 seriptum
332 1516 402 1562 esse
431 1491 561 1582 liquido
594 1497 742 1562 constat.
777 1487 930 1572 priorem
950 1490 1021 1555 esse
1048 1508 1191 1555 neeesse

140 1614 201 1669 est.

533 1748 578 1815 U.
627 1748 667 1815 C.
717 1757 789 1820 713.

140 1875 182 1962 Q.
224 1870 394 1943 Servilius
441 1866 556 1941 Vatia
601 1866 781 1937 Isauricus
821 1868 870 1938 ΙΙ.
912 1866 956 1935 L.
1000 1864 1185 1938 Antonius.

377 1998 411 2045 α.
436 1974 473 2041 C.
496 1983 549 2044 41.
596 1969 751 2063 Virgilii
770 1981 813 2043 29
835 2009 879 2021 -
900 1982 952 2045 80.

227 2092 428 2159 Octavianus
450 2092 590 2169 Caesar,
610 2093 757 2160 Romam
778 2113 954 2174 reversus,
975 2091 1057 2158 duni
1085 2103 1188 2160 vete-

136 2193 234 2263 'ranis
255 2194 407 2283 praemia
430 2195 639 2281 persolvere,
663 2194 834 2281 eosquein
852 2216 950 2283 agros
962 2194 1188 2287 municipiis!

140 2298 273 2377 Italiae,
309 2320 330 2363 a
353 2294 565 2363 Triumviris
588 2294 791 2384 promissos,
825 2297 993 2365 deducere
1019 2297 1186 2381 instituit,

139 2400 292 2488 ingentes
312 2421 375 2488 per
395 2399 529 2466 ltaliam
550 2400 685 2481 turbas,
709 2402 837 2489 partim
859 2422 997 2485 eorum,
1019 2398 1080 2488 qni
1101 2422 1188 2489 pos·

141 2502 347 2569 sessionibus
361 2502 430 2567 suis
444 2499 680 2582 eiiciobantur,
700 2499 945 2590 indignatione,
966 2501 1101 2593 purtim
1116 2498 1187 2591 mi-

139 2604 238 2671 litum
259 2603 377 2669 effreni
392 2603 577 2692 cupiditate
599 2614 632 2668 ot
646 2603 787 2670 audacis
810 2605 864 2686 (de
885 2627 953 2694 qus
976 2626 1010 2671 v.
1033 2604 1192 2699 Apnistt..

16 2746 22 2757 ι
139 2728 173 2795 p.
207 2710 304 2776 1082*
319 2728 388 2791 sqq.
431 2707 580 2773 Dionem
603 2705 690 2773 Cass.
723 2707 863 2792 XLVII,
899 2706 1112 2793 atellei.
1134 2706 1186 2787 11,

140 2812 196 2893 74)
228 2808 366 2874 excitari
388 2802 494 2880 videt.
536 2810 714 2879 Latissime
740 2822 857 2878 sutem
880 2809 1052 2877 calamitas
1071 2810 1133 2875 nn
1149 2816 1186 2877 ot

141 2909 303 2999 adquam
327 2909 493 3001 plurimos
511 2912 714 3002 pertinuisse
725 2913 862 2980 videtur
874 2912 937 2990 ita,
949 2925 1001 2981 -ut
1013 2914 1186 2983 maximat

138 3011 354 3080 fortunarum
369 3016 607 3082 conversiones
624 3028 929 3103 consequerentnr3
951 3018 1044 3083 unde
1059 3028 1095 3082 et
1107 3018 1187 3083 ΑΠ’-

50 3178 54 3187 .
141 3115 363 3207 toniusapud
381 3117 577 3208 Appianum
592 3140 623 3208 p.
648 3127 731 3190 1075
754 3120 1002 3212 ᾱίοοτεροωίῒ,
1025 3118 1185 3187 Octaviu-

71 3276 75 3287 ,
138 3238 224 3284 num
240 3218 371 3285 Italiam
388 3221 473 3301 isse,
496 3221 591 3313 sires
606 3222 747 3289 dicenda
761 3222 822 3305 sit,
846 3237 1017 3310 tamqnam
1040 3238 1183 3289 ornnem

108 3384 112 3391 ,
136 3314 269 3382 Italiam
280 3322 416 3388 sedibus
429 3324 498 3390 suis
513 3339 720 3405 moturum,
742 3321 994 3421 druern'uorra
1004 3319 1071 3419 τήν
1086 3320 1183 3421 Ἰτα-

137 3421 234 3488 λίαν.
277 3420 346 3489 vix
366 3425 458 3490 enim
472 3427 642 3516 reperitur
668 3450 711 3493 ex
725 3449 764 3494 ou
777 3443 884 3497 aetate
895 3431 1016 3520 poids,
1039 3430 1097 3516 qui
1111 3454 1184 3499 non

139 3521 317 3589 communi
339 3524 432 3591 clade
452 3528 613 3595 afflictum
646 3552 682 3594 se
708 3545 884 3599 memoret.
929 3534 1017 3600 Hine
1046 3534 1181 3601 Tibulli

132 3622 229 3715 jeliu
252 3624 442 3714 qnondam,
463 3656 556 3700 nunc
576 3656 712 3721 pauper
732 3658 839 3725 ager,
862 3636 895 3720 I,
927 3646 963 3708 1.
997 3644 1038 3706 19
1062 3654 1105 3688 ·’-
1127 3648 1181 3713 28.

138 3726 181 3792 ci.
204 3727 271 3805 lv,
296 3740 336 3811 1,
359 3738 420 3801 183
440 3768 485 3785 -
507 3744 579 3807 190.
622 3738 814 3825 Propertius
842 3740 884 3804 de
897 3763 933 3804 se
957 3740 1023 3815 lv,
1047 3749 1083 3819 1,
1107 3748 1182 3817 129.

137 3827 238 3898 Num
254 3842 315 3896 tua
327 3856 431 3924 quum
445 3841 548 3906 multi
559 3850 739 3909 versarent
765 3867 853 3909 rura
873 3843 1026 3927 iuvenci,
1047 3844 1183 3913 Abstu-

136 3933 182 3998 tit
193 3936 351 4001 excultas
359 3938 500 4026 pertica
512 3944 622 4011 tristis
642 3966 731 4034 opes.
774 3938 929 4014 Valerius
952 3946 1035 4012 Cato
1057 3947 1093 4014 in
1115 3952 1182 4019 Di·-

134 4036 183 4100 ris
210 4060 242 4105 v.
279 4046 322 4109 45
351 4042 516 4127 Persica,
555 4074 642 4141 quae
672 4060 805 4115 nostros
831 4060 964 4116 mutatu
993 4064 1045 4116 est
1065 4053 1180 4143 impiis

133 4141 276 4228 agellos.
317 4145 412 4213 Dum
432 4148 570 4237 Fulvia,
592 4152 638 4220 M.
660 4154 800 4221 Antonii
820 4174 926 4239 uxor,
959 4156 1177 4225 coloniorum
