2422 5084
852 114 860 145 i
899 122 912 147 t

275 318 332 371 us
384 319 598 372 annuum
648 320 894 385 suooerco.
1006 324 1108 379 uxxr

65 469 274 549 carminum,
290 466 344 532 uti
350 467 462 556 paulo
478 471 558 531 ante
571 464 733 547 vidimus,
746 467 824 533 alia
836 478 916 534 sunt
927 489 972 549 ea
990 468 1107 535 [tneo-

67 574 152 641 crito
174 571 334 637 ‹lesumta
353 579 389 633 ct
408 566 584 633 intertium
606 568 716 635 ieiune
731 573 821 637 satis
842 570 1019 651 traducta,
1041 585 1105 641 aut

67 673 258 765 epluribus
278 671 481 761 iclylliorum
505 670 786 739 Tbeocriteorum
806 674 895 765 locis¹
911 697 1103 765 coagmen-

68 786 151 857 tata,
160 786 199 840 ut
213 775 318 841 tertia
342 782 378 838 et
398 775 549 861 septima
564 772 718 864 Ecloga3
738 777 814 842 alia
832 776 1013 843 bucolicae
1032 801 1101 843 na-

69 890 160 945 turae
179 901 247 943 non
266 887 363 959 sunt,
396 875 461 941 secl
479 887 617 942 tantum
637 877 686 942 ael
708 878 946 946 bucolicorum
968 902 1102 946 morem

71 991 236 1059 tractata,
255 991 294 1046 ut
309 979 452 1071 prima,
481 990 626 1071 quarta,
649 991 760 1065 sexta,
781 1004 878 1087 nona¹
891 993 928 1047 et
947 981 1100 1049 decima.

69 1082 260 1150 Sententiae
274 1092 393 1148 autem
411 1093 444 1148 et
458 1080 565 1149 verba
583 1104 752 1172 magnam
767 1094 906 1173 partem
919 1107 963 1151 ex
982 1086 1100 1157 Tbeo-
1192 1082 1198 1107 ⁸

72 1185 149 1253 crito
159 1194 239 1251 sunt
251 1206 438 1275 conversa,
460 1184 536 1250 alia
552 1194 634 1277 sunt
648 1208 672 1249 a
689 1183 837 1252 bucolici
855 1188 1024 1254 carminis
1032 1214 1100 1257 na-

72 1298 142 1353 tura
156 1286 283 1355 aliena.
328 1287 417 1370 Quis
430 1296 611 1373 pastorem
619 1285 726 1375 ferat
755 1285 997 1357 decantantem
1013 1293 1099 1360 illo:
1143 1366 1146 1371 ,

72 1390 163 1471 bute,
184 1388 366 1479 pererratis
386 1387 566 1453 amborum
586 1388 731 1470 finibus,
754 1390 849 1455 exsul
870 1393 938 1457 Aut
958 1396 1098 1461 Ararim

73 1492 205 1559 Parthus
229 1490 323 1555 bibet
341 1502 401 1555 aut
421 1490 607 1559 Germania
629 1490 762 1579 Tigrim
783 1493 836 1579 (l,
870 1501 922 1564 62·
939 1496 1032 1574 68.)ἲ
1064 1508 1099 1562 et

11 1639 15 1673 =
76 1594 236 1684 illa‚quae
250 1602 459 1683 sequuntur:
480 1592 526 1657 Ar
546 1616 608 1659 nos
623 1593 705 1659 hinc
729 1594 789 1662 alii
811 1595 953 1663 sitientis
975 1599 1100 1667 ibimus

10 1754 19 1765 .
75 1696 179 1777 Afros,
221 1696 306 1761 Pars
330 1692 506 1779 Scythiam
535 1705 571 1759 et
600 1697 756 1783 rapidum
783 1697 904 1765 Cretae
928 1694 1101 1767 veniemus
1195 1704 1197 1709 ’

17 1822 24 1834 ·
76 1800 210 1865 ouem.
255 1795 358 1878 Quod
378 1792 529 1882 infames
546 1818 657 1861 mores
673 1809 854 1885 pastorum
874 1801 931 1868 oel
943 1824 1010 1867 uno
1025 1804 1100 1872 loco

10 1964 25 1976 ,
75 1899 233 1991 expressit
247 1896 339 1977 (Εοὶ.
349 1893 412 1962 III
411 1900 489 1985 pr.)
496 1946 509 1977 ,
530 1910 609 1964 erat
620 1899 713 1987 quad
731 1902 789 1966 vix
804 1901 850 1969 ab
866 1903 943 1969 eius
959 1907 1105 1972 urbani-

10 2026 15 2049 ¹
74 2014 132 2070 tae
143 2012 364 2091 expectares.
409 1999 452 2065 In
474 1998 586 2064 nimia
600 2011 636 2097 et
655 2003 778 2069 servili
788 2027 906 2093 paene
926 2007 1107 2077 Ylieocriti

75 2104 127 2171 boc
140 2102 338 2171 imitatione
354 2100 578 2166 mirationem
588 2099 712 2189 facere
724 2117 853 2192 potest,
877 2120 1028 2175 metrum
1038 2111 1104 2177 bu·

75 2206 230 2291 calicum,
259 2205 358 2270 cuius
383 2200 587 2269 Theocritus
606 2203 879 2275 studiosissimus
893 2209 988 2300 fuit,
1005 2212 1103 2303 ‘ple-
1133 2236 1144 2313 ‘¹

74 2332 203 2400 nemque
228 2308 427 2398 neglectum
446 2326 557 2371 essea
579 2307 736 2389 Marone,
758 2308 902 2401 idquocl
911 2316 1016 2380 multi
1032 2343 1100 2383 no-
1199 2330 1202 2337 '

73 2421 201 2490 torunt3
223 2412 321 2476 cuius
345 2410 398 2475 rei
416 2432 523 2474 carisa
531 2409 754 2495 potissimum
777 2414 811 2479 in
834 2419 1003 2482 normanie
1023 2419 1101 2485 La-

74 2515 132 2579 tini
158 2513 273 2579 indole
301 2512 499 2602 pedumque
525 2522 561 2576 et
587 2535 807 2579 numerorum
831 2528 960 2584 natura
988 2521 1101 2589 inesse
1162 2500 1166 2507 Ι

73 2616 213 2684 videar.
257 2613 298 2682 In
319 2616 474 2680 oratione
494 2637 575 2680 aera
596 2613 702 2681 verba
719 2621 877 2706 agrestia
898 2633 934 2687 et
957 2623 1099 2692 soloeca

72 2732 220 2787 secutum
232 2742 317 2800 esse,
339 2718 496 2808 equidem
509 2740 576 2783 non
592 2718 706 2782 ausim
715 2725 965 2807 pronuntiare·
999 2727 1101 2793 Nam

72 2822 200 2889 diversa
213 2843 264 2888 res
277 2832 341 2901 est,
364 2821 451 2888 dura
468 2820 636 2886 nonnulla
660 2845 747 2901 esse,
771 2828 908 2913 quaein
926 2827 1104 2893 lrisEcIc-

22 2942 35 3035 f
71 2925 125 3013 gis
132 2935 334 3004 occurrunt3
355 2947 442 3013 qrrae
458 2934 575 2989 tamen
590 2935 756 3012 corrupta
763 2930 883 3013 potius
896 2937 929 2993 et
945 2929 1104 3016 interpo-

23 3058 31 3139 ἱ
73 3026 144 3091 lata
156 3027 298 3093 dixeris.
341 3027 397 3092 Ex
410 3051 477 3092 uno
494 3026 634 3115 quidem
652 3026 731 3109 illo,
753 3028 846 3115 quod
861 3030 977 3093 cuium
1002 3051 1111 3115 pecus

24 3142 34 3205 t
72 3130 313 3217 reprehensum
335 3129 442 3215 fuisse
474 3129 737 3195 Grammaticus
757 3141 902 3207 narrat,
936 3129 996 3194 via
1016 3133 1105 3200 satis

24 3268 38 3309 ρ
71 3242 140 3296 tuto
164 3232 333 3297 iudicium
351 3229 466 3318 feras.
511 3230 673 3296 Ceterum
701 3227 880 3319 Virgilius
904 3240 945 3294 ut
967 3242 1104 3303 tantam

26 3362 40 3413 p
71 3354 129 3420 per
142 3334 302 3400 bucolica
316 3334 413 3423 apud
420 3334 610 3423 populares
624 3354 704 3397 suos
719 3332 861 3398 lacedem
876 3356 1101 3425 consequere-

30 3466 37 3499 ι
73 3447 143 3511 tur,
165 3436 260 3524 fecit
282 3438 443 3525 inprimis
462 3437 515 3501 rei
536 3436 692 3513 novitas,
707 3486 710 3493 .
713 3433 877 3523 felixque
897 3437 933 3502 in
947 3443 1102 3510 carmine

33 3522 44 3649 't
74 3535 202 3617 Siculo,
225 3542 318 3629 quod
331 3542 408 3629 ipsa
426 3538 593 3604 sermonis
605 3536 731 3602 Latini
752 3538 923 3623 asperitas
942 3566 1104 3631 respuere

36 3668 43 3729 r
73 3640 259 3726 videbatur,
282 3640 522 3727 transferendo
538 3640 701 3707 audacia.
746 3638 912 3708 Nondum
925 3647 1105 3715 enimser-

8 3801 11 3837 ς
37 3732 43 3797 l
76 3764 125 3808 mo
154 3747 204 3812 ‹ut
220 3748 284 3813 lioc
311 3770 426 3812 rerum
437 3770 569 3837 genus,
593 3744 643 3809 act
657 3756 837 3809 venustam
858 3746 948 3812 lianc
966 3752 1105 3839 simpli·

40 3878 46 3919 ι
76 3846 227 3929 citatem,
268 3850 316 3914 ad
343 3851 432 3914 lianc
463 3844 688 3914 numerorum
713 3846 897 3913 mollitiem
927 3854 1102 3940 expolitus

40 3924 47 3961 '
80 3962 166 4023 erat,
196 3974 276 4016 cum
295 3953 394 4017 blara
410 3954 548 4041 primus
572 3971 712 4014 carmen
735 3947 931 4017 bucolicum
953 3956 1104 4020 scribere

10 3980 49 4127 l
81 4054 224 4118 tentavit.
270 4054 372 4120 Adde
388 4055 478 4145 quod
493 4055 603 4119 multa
618 4052 739 4141 magni
759 4056 883 4141 poc'lae
901 4057 937 4120 in
952 4058 1006 4120 liis
1021 4058 1106 4146 ipsis

44 4152 55 4276 t
83 4157 282 4226 carminibus
296 4158 410 4263 insunt
428 4156 582 4247 oesti'gia
589 4205 604 4237 ,
626 4156 796 4244 inprimis
810 4155 973 4223 doctrina
985 4160 1105 4248 copio-
