2386 4702
31 342 33 346 .
111 290 235 362 'ml
459 272 462 279 Ι
579 298 811 369 HEYNH·
898 370 903 381 .

144 482 242 539 rum,
262 449 389 545 quibis
410 470 445 516 se
459 448 586 517 litteris
601 447 821 527 addicerent,
844 458 1001 530 acueret,
1022 447 1182 539 quodque

144 563 194 633 ad
223 559 313 625 alios
339 555 525 643 scriptores
554 547 799 641 intelligendos
829 560 863 614 et
886 549 1181 640 interpretandos,

143 660 274 745 iudicio
288 656 459 739 adhibito,
482 652 669 745 transferri
681 662 807 742 posset.
845 652 943 735 Quae
952 677 1042 721 nunc
1065 656 1103 721 in
1117 681 1183 721 no-

143 768 186 834 tis
208 786 263 831 me
286 759 488 829 emendasse
504 780 611 847 supra
618 752 800 844 professus
820 780 909 839 sum,
930 770 1090 848 spectant
1104 785 1184 825 ma-

143 870 235 937 xime
264 862 313 931 ad
343 886 403 940 ea,
426 862 463 929 in
488 861 607 951 astibus
630 859 709 948 ipsa
729 849 821 936 res,
840 861 931 926 ratio
954 873 988 927 et
1012 861 1182 929 iudicium

141 973 313 1044 veriorem
333 963 655 1054 interpretationem
671 958 937 1052 suppeditabat.-
959 963 1018 1031 ubi
1031 990 1100 1032 non
1113 968 1184 1032 nisi

142 1075 360 1168 ingeniosum
386 1065 531 1155 aliquod
553 1065 725 1153 opinionis
755 1076 987 1131 commentum
1013 1069 1071 1135 vel
1091 1069 1182 1135 milri

107 1242 112 1253 ,
141 1177 359 1254 occurrisset,
381 1171 438 1236 vel
457 1194 480 1234 o
496 1168 581 1247 viris
605 1169 717 1235 doctis
733 1177 823 1234 esset
838 1169 1071 1258 propositum,
1094 1172 1183 1237 reli-

136 1282 239 1375 gioni
259 1276 363 1359 duni,
385 1270 553 1339 iuvenilia
577 1271 722 1361 ingenia
742 1269 856 1336 dubiis
880 1295 999 1339 rerum
1021 1297 1180 1341 momen·

139 1385 185 1451 tis
222 1376 448 1468 suspendere,
485 1385 548 1439 aut
574 1374 691 1454 vanis,
721 1377 788 1438 etsi
810 1373 970 1462 fortasse
1000 1377 1177 1465 speciosis,

109 1526 112 1534 ·
140 1504 296 1554 onerare·
334 1472 471 1564 In't'pso
483 1476 606 1563 poetae
625 1477 771 1544 lectione
788 1476 888 1542 nolui
902 1479 1179 1570 quidquammn-

139 1603 235 1666 tare,
257 1583 321 1650 sed
343 1580 464 1647 cirrosi
489 1577 611 1659 modo,
634 1591 673 1645 ut
691 1578 946 1668 orthographia
968 1585 1093 1651 melius
1110 1586 1179 1652 sibi

139 1698 329 1766 constaret,
352 1704 457 1773 quam
479 1681 516 1747 in
529 1678 797 1748 Burmanniona
814 1683 983 1767 editione,
1006 1711 1185 1776 quemme„

137 1791 236 1880 sequi
259 1783 438 1878 professus
459 1807 536 1851 sum
541 1807 555 1864 3
576 1780 701 1848 deinde
726 1783 1039 1873 interpunctionem
1059 1792 1179 1857 nndtis

138 1896 177 1962 in
203 1892 289 1959 locis
315 1888 471 1970 mutaoi3
491 1880 574 1978 ¹quo
603 1883 744 1974 quidem
763 1887 974 1955 emendandi
987 1914 1119 1981 genere
1138 1917 1178 1958 eo

85 2012 88 2018 '
136 1986 301 2065 libentiae
311 1992 365 2057 uti
376 1990 484 2068 soleo,
508 2011 574 2075 quo
590 1987 706 2076 magis
720 1986 812 2052 illud
824 2013 970 2058 acumen
984 1982 1023 2059 et*
1034 1996 1180 2085 sagaci·

136 2110 248 2166 tatem
268 2115 338 2161 non
355 2092 392 2157 in
413 2088 563 2179 singulis
585 2086 688 2154 modo
701 2090 835 2156 voculis
845 2117 889 2160 ac
903 2094 1048 2177 syllabis
1063 2122 1179 2164 aucu-

130 2199 281 2293 pandis,
302 2212 425 2260 oerum
448 2190 485 2256 iu
503 2191 662 2257 universo
685 2193 854 2259 orationis
866 2212 1087 2286 argumento,
1110 2203 1178 2285 lsa7

135 2303 212 2371 oisc
233 2297 431 2370 etoolore,
459 2292 712 2359 sententiarum
732 2317 824 2360 nexu
846 2308 882 2362 et
905 2300 1044 2384 ordine,
1074 2304 1177 2371 rebus

136 2405 233 2493 ipsis,
254 2399 414 2468 subtilius
432 2395 697 2487 perspiciendis,
721 2397 895 2487 requirere
911 2401 1058 2472 videtur.
1092 2404 1175 2476 ‚Sep-⁶

138 2504 327 2596 Gdttingoe
350 2501 398 2571 M·
421 2499 546 2590 Aprili
569 2500 842 2571 cloloccmm

220 3025 309 3094 Cum
316 3032 399 3114 post
410 3021 562 3088 alteram
581 3014 734 3116 Virgilii
748 3023 1002 3103 recensionem,
1024 3042 1176 3117 quatuor

133 3128 365 3202 voluminibus
381 3127 604 3202 instructam,
628 3126 909 3196 desiderarentur
929 3133 1091 3220 exempla
1106 3136 1175 3200 mi-

134 3235 230 3301 noris
250 3231 431 3314 editionis,
453 3230 741 3298 committendum
764 3255 847 3298 sane
867 3256 891 3297 a
911 3257 965 3298 me
988 3258 1057 3300 non
1077 3249 1176 3323 erat,

53 3388 64 3398 ,
134 3345 175 3403 ut
194 3335 285 3399 nileil
299 3332 365 3398 illa
369 3331 513 3417 fructus
519 3331 637 3422 ferret
660 3350 703 3398 en
725 3333 926 3401 melioribus
942 3336 1074 3423 copiis,
1094 3339 1177 3426 qui·

133 3435 198 3504 bus
227 3456 354 3501 novam
376 3436 610 3502 recensionem
640 3435 947 3523 locupletaverom.
991 3438 1070 3520 Quo
1096 3444 1174 3527 qui·

133 3538 348 3615 dominre,
376 3559 482 3605 manu
504 3539 602 3627 operi
622 3538 785 3619 admota,
817 3541 1018 3630 angustiam
1044 3543 1175 3632 ingenii

134 3639 295 3721 humani,
318 3648 354 3704 et
366 3638 585 3725 litterarum,
606 3643 715 3706 etiam
730 3642 856 3708 norom
880 3645 1093 3727 tenuiorum,
1116 3647 1174 3712 in·

96 3782 102 3789 ·
135 3741 341 3810 credibilem
362 3741 533 3810 ambitum
552 3767 655 3834 saepe
676 3745 818 3810 moleste
845 3745 920 3811 tuli.
963 3745 1074 3823 Hem,
1100 3760 1173 3816 sto·

134 3843 328 3913 maclmbor
351 3867 504 3928 meeum,
528 3850 565 3915 in
586 3872 653 3915 uno
674 3849 738 3915 lsoc
757 3849 863 3937 poi'to
880 3850 984 3915 toties
1000 3852 1173 3918 collocato

134 3948 266 4028 studio,
287 3947 419 4036 quoties
435 3948 485 4013 ad
504 3952 605 4023 illurn
619 3951 730 4034 redis,
753 3963 938 4018 occurrunt
952 3956 1080 4021 iterum
1102 3957 1172 4023 ite-

24 4070 32 4087 ¹
134 4072 277 4139 rumque
290 4047 366 4114 alia
378 4052 557 4141 neglecta,
580 4067 643 4122 aut
663 4056 776 4122 minus
790 4068 884 4122 recte
902 4068 1007 4123 anteo
1026 4058 1174 4147 explici-

132 4159 192 4230 to,
214 4152 295 4219 ulia
311 4152 507 4222 mllertiore
526 4155 809 4248 interpretatione
835 4159 1069 4250 expediendo,
1095 4161 1174 4230 alia
