2386 4702
366 70 618 162 nunninus.
667 110 831 161 niu-11.
1039 104 1116 177 415
1182 122 1185 127 ·

54 263 183 347 Atque
197 258 252 324 hic
270 280 424 339 successu
441 258 613 323 exsultans
628 256 814 344 animisque
828 257 1015 335 Coroebum

61 350 102 413 0
119 345 210 425 socii,
232 365 299 430 qua
314 346 437 431 prima,
461 344 584 429 inquit,
605 342 758 409 Fortuna
770 342 886 410 salutis

58 434 239 500 Monstrat
254 430 330 511 iter,
354 451 488 516 quaque
501 428 642 494 ostendit
657 450 692 491 se
710 428 838 509 dextra,
858 453 1060 518 sequamur3

57 518 242 584 Mutamus
261 515 395 600 clipeos,
416 518 641 597 Danaumque
656 514 800 598 insignia
815 514 911 580 uobis

58 606 247 692 Aptemus.
270 602 388 673 Dolus,
410 624 452 665 an
470 603 586 675 virtus,
611 598 684 685 quis
698 599 731 660 in
747 598 842 663 hoste
855 601 1030 685 requirat?
1050 613 1114 677 890

65 692 185 757 Arma
203 685 330 750 dabunt
344 685 417 770 ipsi.
461 682 515 751 Sic
531 684 630 762 satus,
652 683 771 748 deinde
785 699 976 753 comantem

64 772 245 856 Androgei
261 771 389 855 galeam
408 768 573 856 clipeique
591 770 721 854 insigne
735 768 896 833 decorum

59 858 239 935 ludintun,
260 856 425 941 laterique
441 857 602 942 Argivum
617 853 856 919 adcommodat
871 877 995 921 ensem.

58 946 145 1007 lloc
163 941 322 1029 Rhipeus,
343 941 408 1006 hoc
422 942 493 1029 ipae
509 943 643 1026 Dymas,
664 938 842 1024 omnisque
857 939 1016 1009 iuventus

58 1028 174 1095 Laeta
191 1026 290 1107 lacit3
313 1026 427 1112 spoliis
442 1052 478 1091 se
492 1029 631 1125 quisque
644 1024 836 1089 recentibus
852 1042 972 1092 armat.
1047 1040 1110 1103 395
1139 1066 1143 1079 ι

56 1113 233 1179 Vadimus
248 1112 384 1175 inmixti
398 1113 523 1176 Danais
539 1111 630 1175 haud
642 1113 783 1175 numine
797 1123 926 1189 nostro,

55 1198 246 1281 Multaque
262 1220 324 1282 per
339 1219 469 1262 caecam
488 1195 656 1282 congressi
673 1193 802 1282 proelia
816 1208 952 1261 noctem

58 1284 310 1355 Conse1·imus;
332 1282 455 1347 multos
469 1284 626 1347 Danaum
641 1279 848 1345 demittimus
864 1284 967 1347 Orco.

54 1369 262 1453 Diffugiunt
276 1365 331 1439 alii
345 1366 389 1431 ad
403 1369 510 1449 navia,
531 1379 563 1430 et
580 1367 680 1432 litora
691 1388 793 1430 cursu

20 1476 23 1481 ·
54 1454 154 1521 ‘Fida
190 1465 302 1532 etuut3
328 1475 406 1540 pars
422 1454 593 1539 ingentem
608 1450 792 1516 formidine
805 1447 899 1537 turpi
1048 1463 1113 1529 400

52 1478 243 1608 scandunt
257 1561 373 1602 rursus
384 1561 528 1622 equum,
551 1550 584 1601 et
599 1548 681 1599 nota
695 1535 888 1601 conduntur
901 1536 936 1601 in
950 1538 1035 1605 alvo.

51 1622 146 1693 Heu
161 1624 246 1688 nihil
262 1622 375 1686 invitis
391 1622 441 1687 sas
453 1644 656 1708 quemquam
674 1620 780 1684 lidere
798 1620 905 1686 divis!

112 1710 201 1777 Ecce
215 1706 411 1773 trahebatur
426 1709 531 1796 passis
547 1705 713 1773 Priameia
729 1707 823 1791 virgo

54 1967 144 2021 eolla
157 1978 302 2017 tumentem.
322 1993 355 2007 -·
373 1968 410 2018 Η.
437 1965 479 2019 Do
492 1965 575 2019 verbo
611 1966 700 2015 turum
729 1982 813 2013 errore
837 1966 965 2015 inbutum.
1001 1926 1119 2023 Titinii,

59 2036 239 2089 attollentem
262 2034 297 2086 cf.
320 2036 383 2088 Not.
406 2034 440 2086 ad
460 2034 530 2093 ΧΠ,
547 2038 574 2086 4.
609 2032 677 2084 Hirr.
697 2030 726 2097 I,
754 2030 797 2085 58.
815 2032 835 2084 f.
852 2036 906 2083 imi
942 2036 972 2085 io
996 2034 1111 2089 militum

36 2100 161 2159 ¹Video
181 2104 240 2157 386.
260 2106 357 2153 animis
371 2102 404 2154 ad
423 2102 573 2155 Coroebum
608 2114 772 2164 memorans,
789 2099 834 2151 itta
861 2052 960 2170 golein
982 2112 1008 2155 et
1031 2118 1109 2156 eruto

57 2173 174 2235 referri
195 2184 221 2223 et
236 2173 394 2243 verti,qnnsi
408 2188 494 2224 essere
513 2172 573 2221 sor·
608 2186 665 2220 erse
679 2176 762 2220 notat.
782 2170 824 2223 W.
838 2198 873 2209 -
889 2186 941 2240 59⁰
958 2171 1014 2221 Dol
1031 2194 1053 2235 s,
1071 2194 1108 2225 nn

62 2240 188 2294 titudine
202 2257 338 2292 accensum
360 2242 482 2291 laetatum
497 2241 573 2292 illum
606 2242 706 2289 virtus.
724 2236 773 2302 rit,
791 2238 953 2293 adhibeatur.
982 2243 1108 2307 (Dn'mle,

63 2325 129 2359 esse
147 2326 275 2358 successu.
296 2308 345 2359 Cui
362 2307 571 2375 interpretationi
606 2318 636 2357 nt
658 2304 725 2371 εἶτα,
744 2306 887 2373 participiis
900 2309 1045 2373 subiicitur,
1054 2311 1108 2363 vid.

62 2376 202 2429 Latinitas
213 2388 355 2441 repugnat;
374 2386 569 2429 etneconrtru-
609 2373 700 2425 Herm.
732 2376 766 2424 ad
788 2372 875 2441 Viger.
909 2393 935 2440 p.
964 2394 1023 2443 77².
1054 2383 1107 2445 W.)

62 2456 150 2499 {ntur
170 2442 248 2494 verba
268 2444 386 2493 exsultat
407 2449 493 2494 onirno
515 2467 574 2496 crta·
609 2440 672 2492 Mox
686 2454 828 2492 comantem
841 2443 958 2511 galeam.
973 2447 1109 2513 ἵππουριν

66 2531 163 2573 αισα,
194 2510 345 2561 coniunctio
373 2530 421 2577 qur
446 2513 573 2580 impedit3
609 2523 677 2561 -et
687 2512 798 2578 clipeum
813 2510 1107 2584 induitumlvtdtlouto,

69 2594 229 2651 quamquam
250 2579 283 2627 de
303 2597 353 2641 eu,
379 2579 422 2646 qni
443 2580 574 2630 immode-
608 2578 668 2628 loro
694 2596 773 2644 super
799 2578 922 2629 humeros
951 2583 1050 2634 iniecto
1080 2597 1108 2639 et

65 2656 128 2703 ma
145 2646 249 2715 gaudet,
264 2647 397 2697 exsultare
411 2650 507 2696 animis
522 2648 574 2714 XI,
609 2644 706 2695 imeria
726 2662 804 2697 mauu
818 2663 903 2707 ausae,
918 2642 1021 2719 θ’χᾶνφ.
1035 2653 1107 2709 conf.

111 2732 133 2769 r.
153 2715 256 2765 dicitur.
291 2718 386 2766 Animi
407 2715 574 2767 referendum
609 2712 656 2765 inf.
675 2713 734 2781 671.
753 2715 854 2784 67².-·
872 2715 922 2784 395
943 2720 1042 2786 Spolr't‘s
1063 2740 1110 2772 n-

70 2786 87 2835 'a
132 2781 313 2834 fortitudinem
330 2784 470 2835 sociorum.
505 2784 574 2833 Suc·
610 2781 735 2844 centibuu,
754 2781 908 2848 exquisitius
923 2801 1008 2853 quam,
1023 2788 1109 2853 norit,

71 2868 150 2903 censu
174 2864 199 2903 et
214 2850 310 2902 virtute
325 2853 454 2901 melorum
468 2850 575 2919 effertur
609 2848 682 2911 aliia,
702 2866 778 2917 quam
799 2865 866 2916 qnae
886 2848 1042 2919 habuerant,
1061 2872 1106 2907 ar-

70 2918 221 2971 coroebus.
244 2921 284 2967 ll'.
309 2922 362 2971 588
385 2921 443 2981 (tua
458 2921 573 2968 ostendit
609 2916 711 2967 min-
729 2920 780 2987 395
796 2920 879 2965 ΗΜ
892 2924 1107 2991 urrmineuostro,

71 3008 100 3041 se
124 2991 237 3049 derum
257 2987 373 3039 Fortuna
395 3008 422 3035 se
444 2988 572 3051 dextrum,
608 2983 635 3037 h.
655 3004 678 3035 e.
697 3002 798 3045 auerso,
816 2985 893 3037 nobit
908 3005 962 3040 non
980 2993 1107 3061 propitio.

68 3056 206 3109 faventem
225 3072 255 3104 ac
275 3058 428 3122 propitiam,
447 3057 572 3117 ostendit.
606 3057 646 3103 At
661 3058 725 3104 ai·-
742 3058 848 3104 Audiat
864 3074 957 3106 averso
970 3079 1021 3112 non
1035 3080 1106 3113 mna

69 3152 109 3166 ..-
142 3124 193 3193 389
218 3126 337 3191 Insignin
365 3125 441 3176 nimiu
461 3125 572 3175 fortasse
607 3142 670 3172 crure·
701 3126 765 3173 <leus
794 3121 895 3175 Tibull·
919 3126 976 3190 ΙΙΙ,
1000 3131 1016 3183 3
1030 3170 1038 3194 ,
1061 3132 1105 3191 28,

70 3205 165 3263 argute
182 3193 215 3241 dc
229 3192 372 3256 clipeorum
386 3192 571 3260 imignilsusac
611 3192 658 3243 ubi
679 3210 703 3244 v.
721 3203 779 3244 not.
802 3192 865 3243 utor
885 3211 911 3246 v.
930 3199 989 3248 loo.
1010 3202 1102 3248 invitis

71 3259 217 3326 wulpturis
239 3261 280 3309 tel
305 3261 338 3310 de
355 3260 436 3329 galeis
452 3272 479 3311 et
497 3260 575 3313 crista
609 3262 694 3323 alium,
714 3254 810 3331 ἀέκητι
835 3263 923 3329 θεῶν,
941 3284 995 3316 nox
1015 3287 1105 3325 curru.

69 3328 214 3396 occipiunt.
231 3326 373 3380 Enimvero
387 3333 574 3395 po'e'tarumra-
608 3329 637 3379 in
658 3346 709 3397 qua
729 3332 795 3382 nihil
809 3331 882 3381 cerui
895 3344 994 3403 potest,
1013 3336 1106 3389 utiam

70 3398 148 3451 tione
164 3397 205 3446 vel
218 3395 269 3461 ipsi
285 3396 364 3464 olipa
375 3408 436 3448 sunt
445 3401 573 3466 insignio,
610 3414 748 3466 suprs.—
777 3406 825 3452 lsot
852 3400 989 3455 Scantiam
1016 3424 1106 3456 rursus

72 3474 203 3537 quatenus
225 3463 308 3515 Danai
330 3464 370 3517 lu'a
383 3465 446 3530 ipsis
459 3467 574 3535 insigni·
609 3485 710 3534 equum.
748 3467 871 3519 Fortasse
889 3468 987 3523 dictum
1008 3474 1106 3525 nolisa

59 3542 160 3595 'turtum
175 3543 201 3580 ut
215 3548 276 3583 mox
294 3532 374 3600 clipei
383 3537 501 3603 insigem
519 3537 572 3601 vel,
609 3538 704 3601 poe'ta3
730 3536 807 3587 nimia
834 3535 903 3587 euim
924 3553 1107 3605 portentosum

70 3611 103 3652 ut
125 3599 228 3663 malim,
248 3601 357 3652 omuino
375 3617 460 3664 arma,
480 3604 573 3671 quibus
608 3605 676 3661 hoc.-
690 3606 893 3672 eedjormidr'ne
910 3616 983 3675 turpi
1000 3611 1104 3664 adiecit.

71 3668 193 3737 dignosci
216 3680 348 3736 poteraut.
368 3676 404 3722 Η.
440 3669 483 3723 De
505 3675 574 3722 imi·
606 3699 641 3713 -
657 3678 707 3726 402
729 3672 787 3725 Diis
807 3675 914 3738 aversis,
932 3677 1002 3729 nulla
1019 3682 1046 3728 iu
1064 3695 1104 3741 re,

64 3740 177 3807 gnidus,
191 3755 242 3804 qno
253 3737 483 3810 vocabulogulroe
495 3757 573 3807 prae·
607 3759 642 3790 ue
659 3743 776 3793 secundo
787 3742 893 3813 quidem
905 3762 992 3796 rerunt
1000 3763 1102 3797 succes-

70 3807 96 3858 οἱ
117 3822 151 3855 ne
179 3817 320 3869 notantur,
339 3808 400 3859 vide
415 3809 573 3875 interpreter
607 3827 637 3859 su
657 3810 790 3863 confidere
810 3810 880 3862 licet.

67 3823 115 3959 εξ
129 3872 203 3925 Caes.
229 3875 259 3926 B.
285 3875 318 3931 G.
344 3879 372 3944 1,
391 3894 434 3930 22.
452 3880 487 3927 Id
506 3898 533 3925 se
554 3896 573 3927 a
640 3880 805 3933 tos-406
823 3879 880 3931 Vim
897 3880 1105 3932 Caraundroeab

72 3941 193 3995 Gallicis
219 3948 301 3994 armis
323 3959 402 4013 utque
421 3948 572 4017 inat'gut'lsue
605 3947 685 3999 Aiace
699 3948 770 4001 Oilei
792 3950 907 4000 ficorum
921 3947 1026 3999 Pallade
1040 3948 1103 3999 illn-

66 4015 231 4080 cognouiose.
253 4015 322 4070 Ado.
341 4014 403 4074 intr.
422 4019 480 4068 412.
498 4015 571 4065 Gro—
606 4027 658 4066 tam
676 4033 742 4082 ease,
761 4018 840 4085 vulgo
858 4027 1012 4072 memorant.
1051 4018 1104 4069 sor
