2422 5084
138 788 288 847 mm!
358 790 393 842 r·
416 782 872 847 ”imminuens
892 788 1013 843 mn

143 928 284 1035 eredere
314 924 405 1007 lieet.
433 938 691 1009 tentandae
723 936 873 1007 loetitiae
896 950 977 1007 suto
1006 951 1193 1031 grataeque

141 1040 325 1111 voluntatis
342 1064 442 1112 oense
463 1045 501 1111 in
519 1044 601 1117 Veri
624 1043 808 1121 honorem,
828 1043 924 1109 ouius
945 1062 1051 1131 opere
1063 1062 1190 1109 moun·-

143 1146 229 1213 dnm
251 1146 325 1221 Eol.
347 1146 413 1231 IX,
434 1154 478 1218 27
499 1170 570 1237 sqq,
593 1145 651 1212 ills
674 1168 729 1213 res
749 1144 900 1236 perfecte
919 1143 1048 1221 fuerat,
1076 1144 1192 1212 Eulo-

138 1272 231 1343 gam
257 1260 395 1317 sextam
417 1261 494 1319 tum
517 1248 676 1340 seriptum
692 1272 791 1330 esee,
828 1248 989 1339 opinatur
1010 1246 1190 1321 Mustium.

142 1351 281 1433 Fuisse,
303 1352 363 1440 qui
381 1367 514 1422 sextum
537 1353 694 1421 omnium
712 1352 827 1443 primo
846 1351 921 1419 loeo
942 1353 1103 1441 scriptam
1117 1374 1191 1419 esse

145 1453 312 1539 dicerent,
335 1458 490 1524 Donatus
511 1456 548 1522 in
567 1452 934 1541 Viu'§.1osnarrat;
956 1455 1014 1521 sed
1028 1476 1086 1521 eos
1099 1456 1190 1523 motu

50 1596 53 1605 ·
142 1556 248 1647 primi
277 1581 412 1627 versus:
454 1560 584 1628 Prima
607 1555 796 1646 Syracosio
816 1557 968 1649 dignata
993 1566 1049 1649 est
1066 1556 1189 1625 ludere

141 1682 245 1735 versu
265 1697 310 1713 -
329 1662 610 1750 interpretatione
621 1659 777 1727 inductos
790 1658 903 1745 fuisse,
918 1662 980 1727 vix
992 1659 1138 1727 dubites.

230 1849 286 1919 tt
311 1846 660 1943 firmandum-paoem
694 1846 868 1916 Brundisii
892 1848 985 1915 inter
1008 1848 1187 1919 caenum

145 1964 181 2019 ot
196 1952 247 2021 Μ.
269 1952 455 2021 Antonium
478 1952 603 2023 sonum
629 1952 809 2019 Octavium
832 1952 982 2019 Antonio
1006 1950 1044 2017 in
1066 1954 1187 2021 mutri-

143 2055 299 2123 monium
315 2056 428 2124 dnum
446 2080 517 2125 esse
531 2056 690 2127 diximus.
711 2079 744 2122 v.
766 2054 833 2120 Dio
848 2044 1003 2137 XLVIII,
1022 2063 1078 2128 sl.
1121 2058 1190 2148 Ap-

143 2156 233 2248 piun.
256 2157 331 2227 civ.
353 2160 401 2237 V,
423 2164 484 2243 65,
504 2183 540 2251 p.
562 2168 646 2231 1126
662 2180 735 2247 sqq.
778 2156 865 2223 Erat
878 2168 996 2223 nutem
1011 2160 1187 2233 Outevine

141 2260 261 2349 priore
276 2261 419 2342 merito,
440 2263 478 2330 C.
501 2261 644 2331 Claudio
666 2260 852 2343 Mar-cello,
872 2259 1032 2345 gravida,
1055 2272 1096 2347 ut
1109 2264 1185 2331 Dio.

126 2360 166 2429 ι1.
187 2362 212 2429 l.
241 2377 422 2430 memorat.
467 2366 574 2433 Cuius
594 2363 844 2431 laudatissimae
870 2348 1020 2429 luminae
1048 2364 1189 2433 oonsilio

141 2474 178 2529 et
204 2464 388 2550 prudentia
414 2488 493 2530 oum
521 2488 640 2531 omnes
660 2466 741 2531 boni
772 2486 892 2554 paoem
916 2474 950 2528 et
967 2466 1187 2537 concordium

30 2598 36 2609 ·
145 2564 287 2630 undem
301 2565 482 2631 stabilitum
505 2578 540 2630 el
554 2564 752 2631 firmissimo
765 2567 905 2633 viuculo
921 2583 1187 2655 magmenunm

141 2666 338 2749 moderent,
358 2684 507 2755 cumque
528 2667 602 2732 eius
623 2690 703 2733 eum
725 2668 873 2736 Antonio
894 2668 1090 2757 coniugium
1111 2696 1188 2741 mo-

139 2788 208 2857 gun
229 2770 347 2859 populi
374 2770 503 2838 laetitia
532 2781 568 2836 et
598 2768 840 2837 neelamatione
867 2782 1048 2861 exceptum
1086 2788 1187 2863 meet,

140 2870 215 2941 vise
225 2886 275 2941 est
290 2872 407 2941 multis
420 2874 504 2941 viris
520 2870 627 2940 doctis
640 2873 719 2939 Ecz.
740 2869 808 2941 IV.
829 2874 873 2940 nd
895 2874 932 2941 h.
953 2898 984 2941 n.
1007 2874 1188 2948 referende

142 2996 233 3059 esse,
254 2989 295 3043 ut
318 2974 433 3043 iniens
457 2976 514 3043 ille
537 2974 745 3056 nasciturus,
775 2974 872 3042 cuius
890 2976 928 3043 in
946 2978 1012 3043 isto
1036 2981 1188 3049 carmine

139 3070 213 3143 tarn
232 3079 406 3167 prdeolnru
423 3076 493 3145 futu
515 3074 689 3145 ominatur
711 3078 834 3168 polita,
856 3081 886 3146 is
905 3079 980 3169 ipse
1001 3080 1060 3163 sit,
1084 3106 1186 3171 quem

140 3178 286 3265 Ootovin
299 3192 372 3247 tum
386 3190 489 3257 utero
502 3181 652 3269 gerebat.
695 3180 840 3249 Difficile
858 3196 974 3249 tumen
990 3194 1040 3249 est
1052 3184 1189 3271 dicere,

32 3306 37 3319 ¹
138 3282 314 3369 quomodo
333 3283 377 3349 de
396 3283 549 3349 Marcelli
571 3296 732 3375 postumo
757 3297 811 3350 tot
832 3297 868 3350 et
891 3296 1000 3351 tuntas
1020 3286 1063 3351 url
1087 3312 1187 3357 sum-

138 3405 233 3451 mum
250 3385 337 3477 reip.
358 3398 550 3474 spectantes
561 3408 617 3453 res
634 3386 791 3473 augurari
806 3398 886 3474 tum*
896 3388 1014 3477 aliquis
1028 3394 1186 3476 potuerit

137 3486 261 3556 Melino
275 3488 390 3577 itaque
404 3488 447 3555 ad
464 3492 610 3577 prolem,
632 3510 735 3575 quum
753 3511 796 3554 ex
810 3488 986 3557 Scribonio
997 3492 1185 3563 tollendum

138 3594 296 3678 operabat
320 3592 386 3660 lroo
411 3604 566 3683 tempore
592 3591 818 3668 Octavianus,
839 3592 910 3660 ism
933 3606 1009 3664 turn
1027 3597 1071 3662 nd
1087 3620 1186 3665 sum-

138 3714 211 3757 mes
226 3684 264 3759 iri
281 3720 353 3785 rep.
377 3716 457 3785 opes
472 3707 629 3781 evectus,
651 3696 777 3763 reterri
789 3696 959 3782 Eclogam,
982 3711 1088 3787 putes.
1112 3700 1182 3769 vid.

136 3790 279 3880 Argum.
302 3798 372 3863 Ecl.
396 3800 460 3877 IV,
481 3822 516 3889 p.
536 3806 582 3869 44
603 3813 638 3866 et
654 3806 707 3873 45.
750 3800 824 3867 Hoo
842 3794 939 3864 'certe
964 3824 1075 3885 suno,
1103 3826 1185 3895 pace

137 3897 205 3963 ium
219 3898 390 3982 conlecta,
412 3923 486 3967 eom
501 3900 662 3991 scriptum
683 3923 771 3983 esse,
793 3899 941 3966 dubitari
954 3906 1086 3989 nequit,
1104 3930 1183 3975 oum

136 3998 281 4066 Pollioni
307 4003 436 4068 consuli
463 4004 625 4091 iuscripta
645 4006 688 4068 sit
709 4028 741 4068 v.
769 4012 874 4075 s.11.
906 4012 967 4087 ts,
1001 4006 1086 4073 orbe
1115 4008 1181 4075 inm

136 4116 259 4190 puoeto
273 4129 308 4171 v.
336 4115 387 4175 17.
433 4106 536 4173 Multi
554 4107 643 4172 male
658 4104 925 4190 arbitrantium,
947 4108 1093 4177 Pollioni
1114 4110 1182 4177 lili-

137 4227 197 4271 um
224 4220 341 4275 nutum
366 4232 406 4275 eo
430 4210 580 4276 carmine
599 4212 736 4297 politam
765 4213 937 4296 gratulari.
983 4212 1180 4281 Secundum

136 4307 198 4375 hos
230 4304 456 4402 Hieronymus
484 4313 611 4384 Clrrou.
641 4314 764 4382 Euseb.
794 4314 967 4383 MMXXX
998 4316 1101 4381 dixitz
1146 4314 1186 4382 G..

135 4412 282 4489 :ruinius
303 4418 447 4499 Gallus,
469 4430 599 4497 orator,
621 4416 738 4485 Asinii
757 4417 934 4486 Pollionis
953 4416 1065 4508 filius,
1087 4420 1182 4487 ouius

136 4520 239 4586 etium
261 4522 420 4610 Virgilius
444 4522 614 4601 meminit,
661 4520 750 4586 diris
775 4547 799 4589 a
832 4522 971 4591 liberio
999 4508 1183 4614 supplidiie

137 4636 315 4696 ceccano.
358 4623 758 4715 Pirum-prolubium
777 4624 858 4699 huie
877 4625 1032 4716 opinioni
1054 4627 1182 4709 inesse,
1204 4674 1208 4689 .
