2386 4702
84 271 219 347 'clvi
286 241 289 248 ’
336 282 397 333 ou
449 278 657 331 cennius
708 252 983 344 eucocrco.
1024 268 1030 277 “

129 436 179 504 nd
194 433 315 523 prima
335 428 437 495 naiso
453 425 598 518 generis
618 426 794 492 clementa
807 394 987 517 pertinere
1008 435 1172 519 putansa

22 592 31 611 s
132 549 220 607 sunt
263 534 387 623 ltaque
432 550 433 555 ’

74 672 80 681 ·
110 690 114 697 .
122 638 217 707 ,Et
230 657 348 701 secura
360 633 495 721 quies
471 644 505 699 ot
519 631 630 699 nescia
641 628 759 698 fallere
775 630 856 714 vita,
932 614 936 627 ’

170 740 277 811 Dives
294 758 400 825 opum
415 735 599 817 variarum,
623 744 656 799 ot
671 733 745 800 latis
760 735 828 801 otia
844 734 970 817 lundis,

173 843 359 930 Speluncae
373 838 511 925 vivique
525 838 628 917 lucus,
651 847 686 900 et
700 833 822 922 lrigide
836 840 969 929 Tempe
1041 859 1052 893 t

85 938 94 947 ’
173 943 390 1029 Mugitusque
405 940 509 1005 boum
523 926 705 1026 mollesqde
719 938 781 1004 sub
796 939 918 1007 arboie
931 939 1043 1011 somni

142 1046 249 1113 Non
264 1042 425 1123 absuntt,

133 1148 339 1241 omninoque
355 1155 466 1210 totum
482 1143 650 1208 carminis
659 1144 844 1260 pastoritii
864 1155 1111 1247 argumentum
1127 1146 1177 1211 al

133 1252 241 1318 silvas
263 1268 434 1339 agrosque
457 1253 633 1333 spectare,
670 1246 762 1313 ruris
786 1259 870 1311 et
849 1251 940 1315 seris
963 1236 1176 1315 ‹nnoenitatc

132 1332 382 1431 commendari,
406 1359 441 1414 et
464 1350 563 1414 locus
571 1345 672 1435 facti
690 1350 763 1413 sive
787 1350 959 1414 dramatis
980 1351 1033 1414 ita
1053 1349 1176 1416 decla

134 1456 339 1531 randueest,
363 1464 411 1535 ut,
434 1449 545 1517 duml
530 1452 689 1546 legimus,
712 1449 847 1515 rebus
834 1452 918 1551 ipsis
936 1453 1101 1517 interesse
1120 1453 1177 1519 vi·

131 1559 286 1637 de.amur
331 1554 435 1637 Quod
455 1540 652 1617 animorum
675 1542 950 1620 deludendorum
978 1550 1176 1640 artificium

129 1657 360 1746 descriptione
374 1657 532 1722 locorum
544 1676 589 1718 ac
601 1655 768 1743 temporis
786 1658 934 1722 rrusltum
949 1658 1102 1741 iuvatur,
1115 1660 1176 1723 cui

127 1769 351 1831 veterestam
367 1780 501 1848 parum
521 1755 721 1853 indulsisse,
740 1753 1029 1847 inirarifortasse
1046 1760 1174 1847 possis.

117 1867 350 1951 ,Quamquam
379 1858 583 1926 Theocritus
619 1857 685 1924 linc
723 1872 801 1925 arte
835 1858 990 1953 Virgilio
1025 1864 1177 1929 multum

121 1974 303 2059 praestat,-
317 1970 404 2029 'sunt
422 1962 515 2027 enim
528 1962 619 2029 inter
632 1966 707 2030 cites
720 1963 971 2051 descriptiones
986 1962 1177 2031 riori-nullae

127 2068 218 2155 aeris
236 2090 278 2131 ac
296 2064 389 2151 ruris
402 2064 631 2128 suavissimae
644 2077 679 2130 et
698 2066 921 2133 dulcissimae
936 2068 985 2147 **,·
999 2062 1179 2156 frequen·

130 2168 199 2235 tius
212 2188 264 2244 eo,
285 2176 321 2228 et
338 2165 374 2231 in
388 2162 508 2228 multis
515 2162 689 2253 feliciter,
711 2168 845 2234 Gesner
858 2192 939 2235 usus
953 2178 1016 2249 est,
1035 2168 1176 2235 suanis-

126 2270 233 2352 ,imas
246 2266 364 2354 p'oi'ta,
379 2288 482 2356 quem
493 2268 638 2357 antiqua
654 2269 721 2335 illa
736 2270 890 2337 Graecia
907 2282 969 2337 aut
980 2292 1083 2335 suum
1098 2293 1174 2338 esse

123 2370 341 2460 popularem
359 2364 525 2446 crederet,
548 2380 610 2434 aut
632 2370 728 2437 nobis
749 2371 929 2438 invideret.
949 2420 953 2433 .
973 2372 1030 2438 Ex
1051 2373 1176 2439 eodem

118 2471 221 2563 sonte
235 2469 415 2535 clericatur
428 2468 494 2533 illa
510 2475 755 2562 praecipiendi
776 2475 877 2548 ratio,
900 2487 1028 2540 utnon
1050 2473 1167 2561 modo,

126 2572 288 2663 quidquid
311 2572 384 2635 veri
401 2568 550 2654 fructus,
572 2576 634 2642 otii
666 2589 700 2642 ct
723 2575 889 2643 felicitatis
914 2576 1006 2643 vitae
1024 2577 1174 2644 rusticae

125 2676 198 2747 sive
214 2673 374 2766 pastorali
396 2671 481 2745 insit,
503 2675 554 2740 ad
567 2678 749 2765 pastoritii
773 2678 940 2745 carminis
955 2679 1170 2745 suavitatem

128 2778 349 2856 adleibentur,
374 2779 626 2860 verumetiam,
644 2782 808 2868 quidquid
823 2782 865 2846 ad
881 2780 1178 2868 amplificandam,⁸

128 2878 357 2951 exornandam
374 2901 412 2943 ac
424 2880 665 2947 cumulandam
681 2881 781 2948 istam
795 2907 914 2949 veram
928 2882 1176 2951 iucunditatem

129 2984 233 3055 animi
250 2981 301 3046 vis
319 2979 513 3067 excogitare
528 3005 567 3048 ae
581 2981 712 3067 fingere
727 2985 842 3072 possit,
866 2984 915 3049 ad
928 2986 1098 3049 nzaiorem
1110 2984 1176 3049 de·

127 3088 350 3169 lactationem
377 3086 477 3171 large
500 3094 534 3146 et
563 3084 698 3171 copiose
728 3100 948 3178 congeratur.
993 3086 1177 3177 Quidquid

128 3192 220 3255 enim
232 3190 386 3253 animum
400 3186 575 3251 delectare
596 3197 631 3251 et
650 3187 824 3256 illecebris
846 3190 1052 3281 qrsibusdam
1074 3190 1170 3256 deli·

129 3291 205 3355 nire
221 3301 343 3375 potest,
359 3293 395 3354 in
411 3290 450 3353 id
459 3291 564 3375 poeta
580 3291 632 3352 ius
647 3289 760 3355 halet.
791 3292 873 3358 Non
889 3306 1004 3359 tamen
1021 3293 1056 3357 in
1074 3293 1172 3359 ornni

123 3414 252 3483 genere
268 3392 385 3454 omnia
398 3390 447 3454 nil
463 3390 707 3457 delectandum
723 3395 793 3459 vim
812 3394 938 3460 tatere
952 3408 1111 3484 possunt,
1134 3407 1172 3460 et

118 3516 307 3584 perperam
320 3493 493 3571 statuitur,
510 3495 602 3580 qzunl
632 3496 735 3558 nzrtlti
748 3496 887 3561 credere
898 3499 1068 3571 ridentur,
1085 3500 1176 3562 satis

48 3658 52 3673 ,
128 3618 204 3661 esse
218 3593 267 3656 nil
281 3615 421 3655 carnion
437 3595 612 3666 rustica-nt,
637 3620 691 3660 res
704 3620 723 3659 e
735 3599 810 3663 vita
828 3601 969 3685 rustica,
994 3624 1175 3689 quaecun-

127 3722 190 3786 que
208 3695 349 3759 tandem
371 3695 456 3756 illae
473 3696 559 3777 sint,
577 3699 704 3787 (lignee
719 3723 764 3764 an
779 3703 960 3793 indignae,
978 3713 1106 3794 gratae
1124 3725 1174 3768 an

122 3799 298 3879 molestae,
307 3795 420 3860 verbis
433 3819 474 3860 ac
492 3799 646 3864 versibus
662 3801 773 3866 reddi.
790 3804 878 3871 «lunt
895 3809 1025 3870 austrae
1039 3816 1169 3894 partes

118 3912 156 3966 et
174 3922 272 3966 casus
288 3900 378 3964 vitae
392 3900 541 3967 rusticae
561 3903 613 3967 ita
636 3914 763 3979 tenues,
789 3905 940 3971 ltunriles
954 3920 989 3975 et
1003 3909 1105 3989 viles,
1129 3918 1171 3976 ut

154 4069 237 4121 ⁸.Ge
256 4068 438 4139 11,ts7sq.q

152 4108 355 4208 ”videtin-‚tt
374 4138 432 4191 Vll
