2422 5084
385 328 754 395 taunucum.
1010 337 1100 401 XXY,
1191 396 1194 400 ,

10 468 16 555 Ι
53 476 212 545 incidisse
228 475 437 558 videantur3
452 480 597 570 poi'tica
616 492 735 549 autem
755 493 961 549 ornamenta
976 494 1010 561 et
1028 507 1087 550 re·
1111 472 1114 477 ¹

54 604 129 648 rum
143 592 179 647 et
192 580 379 651 verborum
401 580 454 647 ita
467 584 628 667 sentiant,
648 598 699 667 ut,
722 571 872 674 planam
894 585 931 650 in
952 607 990 651 re
994 588 1087 676 poe'-

55 683 124 748 tica
143 682 212 749 illa
231 683 313 751 laus
333 681 426 767 insit,
448 708 529 753 cum
541 685 614 775 ipsa
638 710 738 755 sensu
750 697 1001 777 assequantur:
1021 687 1086 753 ele·-

55 787 150 875 nique
166 798 206 853 ut
220 787 406 856 verborum
411 788 667 877 proprietatem
679 800 715 856 et
726 789 943 891 elegantiam
956 783 1101 856 inscri-'

51 901 147 977 ptcre
162 889 266 958 docta
278 889 579 957 animadvertant:
569 891 690 981 ·qa0t
701 906 740 959 ut
754 914 957 981 consequar,
978 893 1089 959 verba

55 992 216 1083 vulgaria
244 1005 280 1060 et
298 982 480 1101 pedestria
499 1016 676 1084 apponere
695 984 797 1065 salsa'i
839 992 919 1061 Hoc
947 994 1089 1083 quidem

58 1094 254 1176 consilium,
276 1081 363 1162 baie
386 1095 478 1162 ratic
497 1109 668 1185 quantum
687 1120 711 1162 a
731 1098 944 1164 Minelliana
966 1099 1089 1188 aliqua

102 1197 331 1265 Farnabiana
353 1197 462 1279 absit,
483 1196 601 1287 facile
628 1198 849 1290 intelligitur.
892 1199 1015 1291 Itaque
1043 1225 1088 1267 ea

56 1302 142 1367 notis
156 1300 298 1391 quidem
314 1302 458 1368 maioris
471 1299 643 1368 editionis·
657 1302 804 1367 omissae
819 1312 898 1366 sunt
912 1326 985 1378 eae,
998 1327 1089 1392 quaa

57 1401 102 1467 ad
121 1404 266 1473 criticos
287 1404 440 1471 rationes
461 1415 631 1492 spectant,
656 1404 784 1472 estrivi
796 1403 903 1501 etiam
918 1430 960 1473 ac
974 1406 1091 1475 delevi
1170 1476 1196 1493 ,ι

56 1504 128 1588 illa,
151 1529 240 1595 quae
261 1508 382 1596 potius
402 1506 582 1595 disputata
603 1515 833 1596 superposita
851 1519 961 1586 erant,
983 1533 1089 1597 quam

55 1607 191 1674 adeum
205 1610 443 1678 enarrandum
455 1611 628 1697 apposita.
664 1611 717 1676 At
731 1606 930 1684 emendavi,
951 1606 1094 1692 refinxi,

55 1712 226 1801 nrpp'levi,
251 1711 376 1777 addidi
396 1712 595 1792 innumera,
618 1712 654 1777 in
677 1712 855 1780 Bucolicis
869 1709 1028 1799 inprimis
1048 1736 1094 1780 aa
1205 1802 1209 1810 Ι

56 1810 258 1903 Georgicis.
304 1815 394 1880 Cum
419 1814 514 1878 enim
543 1814 719 1902 primum,
758 1810 921 1878 Ernestio
951 1824 1095 1891 auctore

55 1924 85 1981 et
97 1914 346 1997 conciliatore,
368 1914 417 1980 acl
440 1912 637 2005 Virgilium
651 1914 887 2001 enarrandum
905 1937 960 1979 me
974 1919 1097 1988 aecin-

50 2038 200 2106 gerem,
216 2016 328 2083 alieni
340 2016 461 2105 potius
473 2015 624 2092 arbitrii,
648 2040 753 2106 quam
769 2017 842 2080 mei
858 2018 1008 2100 consilii,
1036 2043 1100 2086 res

52 2134 137 2192 erat.
188 2118 439 2203 Postulabatur
462 2117 554 2182 enim
574 2141 599 2183 a
613 2140 686 2191 me,
707 2126 747 2182 ut
759 2116 948 2182 allinerem
954 2123 1094 2208 passim

52 2226 192 2293 notulas
206 2247 275 2316 pro
298 2220 459 2299 librarii,
485 2218 545 2306 qui
567 2218 634 2285 sibi
658 2216 852 2309 Virgilium
869 2220 969 2308 prelo
984 2246 1101 2301 esecu-¹

53 2325 206 2394 &ndum
222 2320 427 2399 sumserat,
460 2322 603 2388 consilio
632 2333 667 2387 et
696 2323 863 2390 instituto.
907 2324 999 2390 Mos·
1012 2352 1092 2394 cum

53 2432 144 2497 inter
163 2433 242 2522 ipsa
267 2424 525 2497 commentandi
542 2423 688 2490 exarclia
708 2426 796 2492 mibi
817 2451 885 2492 non
902 2427 1093 2516 satisface-
1194 2432 1200 2448 “

55 2558 148 2615 rem,
184 2546 220 2599 et
239 2532 423 2603 sentirem,
447 2549 551 2617 quam
563 2551 695 2614 parum
718 2529 880 2596 iuvenum
899 2534 1028 2618 optatis
1046 2559 1106 2601 aa

56 2637 249 2704 rationibus
271 2635 466 2721 tali10pera
479 2629 674 2696 consultum
684 2630 785 2721 foret
793 2682 806 2712 ,
830 2632 891 2699 diu
903 2633 1093 2704 haerebam
1167 2681 1171 2689 ι

56 2739 208 2806 incertus
231 2749 268 2802 et
286 2732 525 2829 fluctuabam,
555 2730 641 2823 quid
666 2733 861 2814 inlabere,
892 2758 994 2822 quem
1018 2741 1093 2828 ipse
1162 2794 1165 2801 ,

57 2843 288 2914 clamabam,
310 2858 471 2927 sequerer
493 2847 554 2901 aut
575 2847 758 2903 mutarem.
803 2836 1018 2904 Retinebant
1038 2865 1097 2909 me

56 2947 167 3011 etiam
186 2944 370 3010 doctorum
396 2939 575 3007 bominum
603 2939 736 3005 iudicia
757 2938 800 3003 cle
825 2949 897 3003 toto
919 2942 984 3007 ltoc
999 2969 1098 3008 com-

57 3046 239 3113 mentandi
259 3066 407 3138 genere,
430 3040 521 3132 quod
540 3041 713 3108 Minelliis
733 3050 769 3104 et
784 3039 972 3106 Farnabiis
987 3047 1099 3110 relin-

58 3148 253 3241 quendum,
275 3159 377 3236 atque
399 3145 508 3209 etiam
530 3143 579 3206 ael
592 3142 808 3208 retardanda
821 3142 1097 3215 adolescentium

58 3251 180 3339 studia
201 3262 237 3315 et
253 3246 497 3317 instillandum
518 3243 644 3307 animis
666 3242 864 3308 socordiam
885 3253 919 3307 et
933 3245 1097 3323 inertiam

60 3356 222 3422 idoneum
238 3354 393 3420 clamare
408 3345 575 3415 solebant·
612 3342 780 3411 Absterso
795 3344 934 3412 tandem
940 3353 1093 3439 pudore,

19 3452 25 3533 f
61 3460 206 3525 coneilio
220 3478 298 3524 meo
311 3476 388 3522 rem
404 3452 545 3542 exsequi
561 3448 735 3525 constitui,
759 3458 792 3512 et
808 3447 843 3512 in
857 3449 1012 3520 Aeneide
1028 3458 1098 3523 ad..

19 3542 26 3639 Ι
62 3560 221 3629 ornanda
254 3582 330 3624 meo
350 3557 490 3649 ingenio
512 3576 555 3618 ac
574 3574 663 3618 marr
658 3551 925 3639 obtemperavi
970 3558 1061 3624 Nol
1032 3562 1124 3626 lem-

20 3650 177 3767 'tantan
197 3684 395 3753 quenquam
412 3657 598 3724 eonsilium
613 3677 729 3720 meum
744 3653 794 3718 ita
811 3658 1030 3741 calumniari,
1055 3688 1098 3728 ac

20 3770 91 3843 ‚si
119 3791 186 3859 ega
216 3767 308 3832 banc
334 3763 507 3831 rationem
535 3756 787 3846 interpretandi
815 3771 877 3823 aut
900 3763 1040 3828 unicam
1064 3777 1099 3830 et

59 3868 421 3990 praestantissimam,
457 3858 521 3929 aut
546 3862 703 3927 omnibus
730 3862 950 3948 scriptoribus
974 3869 1100 3932 classi-

63 3979 112 4042 cis
127 3966 686 4048 accommodatam,necessariam
702 3975 737 4029 et
749 3965 873 4031 utilem
892 3967 1103 4034 existimenu

61 4080 156 4147 Mitt
178 4077 219 4143 id
231 4074 359 4140 saitem
377 4067 529 4159 aptabile
542 4066 735 4151 videbatur,
754 4079 793 4136 ut
807 4070 916 4134 semel
931 4062 1102 4137 eiusmodi

61 4166 265 4271 exemplum
281 4173 500 4267 propositum
518 4170 721 4258 iuberetur,
743 4172 835 4269 quad
850 4171 1027 4264 ingenium
1041 4199 1103 4245 ea·
