2386 4702
908 264 1036 303 ,κ’

305 314 578 370 .sssrsoos.
629 316 712 373 ms.
737 317 786 369 11.
995 300 1071 373 427

26 463 292 535 Praemetuens‚
314 463 440 528 Troiae
454 476 488 530 et
502 463 630 552 patriae
646 463 836 545 communis
851 461 1014 554 Erinnys,
1048 519 1051 523 .

29 548 219 616 Abdiderat
232 569 313 628 sese,
334 560 433 633 atque
446 551 511 627 nris
526 549 633 614 invisa
648 551 792 617 sedebat.

31 631 203 700 Exisrsera
217 633 311 718 ignes
326 637 460 715 animo;
481 634 570 699 subit
582 637 631 701 ira
645 638 820 702 cadentem
1009 640 1073 708 675

30 719 157 787 Ulcisci
170 719 330 807 patriam,
356 732 388 800 et
401 721 577 785 sceleratas
591 743 725 785 sumere
739 744 885 809 poenast
1010 738 1020 747 ·

30 804 168 888 Scilicet
182 803 264 868 haec
276 805 434 893 Spartam
453 806 631 870 incolumis
643 807 835 895 patriasque
848 808 1011 895 Mycenas

28 889 213 975 Adspiciet,
237 903 402 976 partoque
416 889 477 953 ibit
490 891 609 976 regina
623 891 822 976 triumpho?
1108 958 1111 963 ,
1183 959 1187 970 ⁴

30 973 317 1119 Coniugiumque‚
340 973 558 1062 domumque,
580 988 704 1061 patres,
727 987 886 1061 natosque
899 975 1039 1053 videbit,
1099 1024 1102 1031 .

28 1058 176 1127 Iliadum
191 1071 247 1122 tur
261 1081 292 1122 ia
307 1071 340 1122 et
355 1056 508 1146 Phrygiis
524 1063 681 1125 oomitsta
695 1061 882 1126 ministris?
1008 1069 1074 1133 580
1157 1070 1162 1080 '

30 1142 204 1208 Occiderit
220 1142 311 1207 ferro
326 1143 504 1209 Priamus?
526 1149 629 1213 Troia
646 1146 783 1211 arseriti
807 1146 866 1211 nit
1033 1184 1041 1219 i

29 1228 244 1294 Dardanium
265 1229 361 1292 toties
375 1230 507 1311 sudarit
520 1231 684 1315 sanguiue
700 1166 807 1295 titoni

29 1314 110 1383 Non
124 1313 180 1378 its.
221 1314 385 1400 Namque.
409 1317 470 1378 etsi
487 1319 619 1381 nullom
635 1315 859 1380 memorabile
872 1337 997 1383 nornen

29 1396 198 1467 Feminea
211 1400 245 1464 in
263 1422 372 1487 poena
386 1412 447 1474 est,
469 1403 647 1468 nechabet
664 1400 970 1485 victorielsudem,
1039 1403 1048 1415 '

28 1484 243 1553 Exstinxisse
258 1484 352 1551 netes
362 1496 476 1551 tamen
491 1499 523 1551 et
537 1489 692 1552 sumsisse
706 1487 864 1552 merentis
1011 1493 1075 1560 585

29 1569 216 1636 Laudabor
229 1568 363 1658 poenas,
384 1572 605 1660 animumque
618 1574 767 1661 explesse
781 1569 911 1636 iuvabit

29 1656 169 1722 Ultricis
182 1657 353 1735 flammae,
377 1668 408 1720 et
426 1657 555 1721 cineres
567 1660 704 1723 satiasse
717 1679 883 1723 meorum.
938 1687 941 1697 ·

10 1742 133 1807 ·Talie
147 1742 321 1817 iactabain,
344 1753 376 1805 et
389 1741 513 1808 furiata
529 1752 642 1807 mente
656 1742 791 1808 ferebar
799 1745 828 1826 3]

32 1826 157 1913 Quum
171 1828 254 1891 milii
268 1850 313 1905 se,
337 1849 405 1890 non
422 1840 498 1891 ante
512 1829 616 1891 oculis
630 1840 699 1892 tarn
715 1830 815 1905 clara,
840 1824 1020 1892 videndam

31 1912 181 1990 Obtulit,
205 1925 238 1975 et
250 1935 334 1999 pura
352 1923 560 1997 pernoctem
576 1914 610 1976 in
625 1916 700 1977 luce
717 1912 850 1977 refulsit
1011 1920 1076 1984 690

29 1997 136 2066 Alma
153 2018 286 2083 parens,
309 1994 458 2061 confesse
472 1998 582 2078 deam,
605 1997 780 2082 qualisque
792 1994 901 2061 videri

10 2082 222 2162 ..coelicolis
245 2094 278 2145 et
291 2095 426 2167 quanta,
448 2085 547 2161 solet3
571 2083 756 2169 dextraque
769 2081 978 2169 prehensum

29 2168 232 2248 Continuit,
253 2188 418 2252 roseoque
430 2167 514 2233 haec
529 2167 670 2257 insuper
686 2167 814 2233 addidit
833 2189 912 2233 oret

33 2438 112 2494 rabat
139 2454 253 2495 vacuum.
290 2440 429 2510 (Erinnys,
447 2441 539 2508 pestis,
577 2440 678 2505 17.)-
697 2438 747 2490 583
762 2467 797 2479 ·-
812 2438 864 2508 587
882 2428 942 2491 rtis
963 2441 1021 2503 ito,
1041 2436 1079 2498 ου’

33 2506 155 2559 exitium.
184 2509 287 2564 W.>-
306 2509 356 2579 574
375 2511 472 2573 inviso,
489 2509 539 2560 ab·
575 2510 653 2577 δῆτα.
689 2507 776 2575 Vulgo
796 2509 868 2557 absit
889 2504 956 2570 flet
975 2519 1079 2578 usqim-

37 2577 105 2627 dita.
131 2574 175 2626 sic
192 2573 297 2639 melius,
314 2589 388 2643 puto.
426 2576 540 2630 sedebat
576 2576 813 2647 quanta-nullum
834 2594 867 2630 m.
886 2580 986 2640 numen,
1004 2579 1079 2630 nulls

36 2644 86 2700 ills
102 2641 194 2708 ἱκέτις,
213 2644 332 2710 supplex,
351 2645 379 2697 in
400 2663 452 2702 ara.
487 2647 539 2697 Se·
576 2646 657 2715 gloria
676 2671 711 2684 -
728 2657 815 2696 tamen
841 2643 987 2709 laudabor,
1006 2647 1079 2712 quod
1110 2677 1112 2680 >

35 2714 145 2780 quentin
167 2729 199 2762 ex
211 2711 369 2778 ,Euripideis
381 2731 501 2780 expressa
512 2712 541 2764 in
577 2714 746 2767 exstinxerint
775 2712 852 2782 nesus
862 2751 871 2777 ,
889 2714 1015 2766 ueletiam
1033 2714 1079 2764 le-

37 2784 137 2833 Oreste
158 2800 183 2830 r.
211 2781 285 2832 1152.
319 2797 375 2848 sqq.
409 2786 542 2831 Exarsere
577 2783 683 2847 minant,
701 2782 839 2832 Helenam.
859 2800 957 2850 poenus
981 2800 1079 2831 mirm-

36 2852 115 2923 ignes
133 2853 222 2899 animo
241 2856 291 2916 pro
311 2850 410 2916 vulgari
436 2853 541 2900 animus
578 2853 614 2899 tis
634 2867 682 2916 pro
704 2848 803 2916 vulgari
826 2865 841 2898 s
863 2858 982 2899 merente
1004 2866 1079 2900 sum-

37 2925 84 2972 ita
105 2922 216 2969 exarsit.
234 2917 304 2965 subit
324 2919 382 2981 ira,
401 2919 427 2973 h.
447 2937 471 2973 e.
489 2918 542 2968 im·
577 2919 645 2968 sisse
674 2916 709 2968 cf.
749 2934 808 2984 229.
842 2928 978 2966 merentem
1003 2919 1079 2967 Lao-

38 3002 118 3060 petus
138 3006 170 3040 ex
194 2987 232 3038 ira
253 2985 397 3037 ulciscendi
411 2988 542 3039 excidium
578 2996 682 3037 coonta.
708 2984 832 3035 Heinsius
845 2989 1079 3054 poenasmerentis

76 3052 335 3110 triae-iselastica
345 3054 542 3123 poenos,paul-
577 3072 626 3123 pro
647 3072 673 3121 p.
695 3064 825 3104 merentes
846 3053 951 3120 occipit,
970 3069 1081 3122 compa-

53 3145 71 3178 ο
84 3123 252 3188 insolentius,
270 3139 319 3191 pro
338 3140 436 3241 poenas
455 3139 543 3174 asce—
577 3140 636 3175 rens
652 3120 711 3191 576.
724 3140 822 3188 poenos
836 3121 977 3172 sceleratas
991 3123 1080 3191 (qusai
1140 3161 1146 3167 -

29 3194 124 3251 „lerata
144 3203 251 3243 sumtus.
283 3191 338 3254 (lile
351 3190 391 3242 ius
410 3193 543 3260 interpre-
577 3210 676 3241 merens
704 3207 753 3256 pro
777 3195 883 3241 meritus
911 3191 1011 3241 dictum
1035 3190 1078 3242 sit.

40 3262 140 3315 uberis
164 3278 263 3329 poenas
285 3258 399 3312 sceleris.
419 3261 474 3325 W.)
493 3259 543 3328 579
582 3260 636 3327 W.)
649 3288 684 3299 -
697 3258 760 3310 Mox
780 3259 845 3311 dure
865 3259 962 3311 dictum
975 3259 1081 3314 videtur

45 3359 77 3374 -—
97 3329 146 3383 582
165 3331 324 3399 coniugium,
334 3330 472 3400 coniugem
486 3327 545 3396 prl-
580 3335 697 3380 animum
711 3327 828 3394 explesse
834 3325 966 3398 flammae
972 3326 1078 3378 ultricis

41 3398 140 3451 stinum
168 3427 199 3437 -
220 3411 330 3468 patres,
367 3408 546 3467 parentes-
580 3417 629 3467 pro
651 3399 753 3448 namins
774 3397 829 3448 sive
844 3399 883 3448 irs
894 3397 998 3460 ultrice,
1012 3395 1039 3447 h.
1054 3413 1079 3450 e.

41 3469 167 3536 Phrygiis
190 3471 334 3531 ministris,
353 3465 477 3519 Troianis
499 3479 545 3516 cs·
579 3468 690 3520 ultione.
709 3465 817 3517 Dictum
832 3466 1079 3547 qraeeemtsotic-
1154 3526 1158 3532 Ι

42 3538 140 3607 ptivis,
160 3537 199 3589 itti
220 3540 248 3588 in
269 3536 404 3588 servitium
424 3533 545 3585 addictis.
581 3533 725 3605 tussnmoe
737 3533 807 3600 apud
821 3533 925 3605 Silium,
943 3542 971 3585 et
989 3533 1080 3589 oleoso

42 3632 79 3647 -ι-
98 3609 202 3656 sudarii
216 3609 353 3676 stinguine,
363 3602 546 3668 ntadelttctum',
580 3596 785 3674 κορεσσάμενος
796 3601 845 3656 sod
853 3597 961 3671 ἐδωδῆς
968 3621 1009 3673 ¹1³·
1019 3604 1082 3656 llo-⁶

42 3673 233 3730 humectatum.
270 3677 310 3726 Ex
321 3672 457 3733 Enniano:
479 3670 547 3719 Ter-
581 3690 691 3726 merum·
885 3712 888 3717 .

44 3763 78 3795 ra
104 3747 184 3794 sudat
212 3747 342 3812 stinguine
361 3758 402 3807 ap.
428 3738 546 3791 Nonium
616 3742 667 3795 588
686 3738 896 3810 -593Aenese
919 3739 1012 3797 Venus
1031 3757 1083 3810 sp·

45 3811 76 3865 in
97 3833 196 3864 sonere.
222 3814 404 3881 (Indignantes
426 3825 481 3859 rem
502 3805 547 3858 lu-
580 3810 684 3880 psruit,
708 3825 764 3859 non
785 3809 856 3859 nubo
877 3808 1008 3872 obducta,
1036 3818 1082 3861 aut
1167 3814 1173 3825 “

49 3893 135 3935 turam
165 3882 254 3933 futuro
280 3891 389 3931 utuntur
409 3887 435 3927 et
456 3876 546 3927 tuturo
582 3880 631 3931 alis
654 3877 737 3928 forma
761 3885 889 3941 assumtat
921 3877 968 3929 sed
994 3878 1084 3959 speeie

50 3964 160 4013 exacto,
181 3953 214 4001 its
234 3962 264 4001 ut
283 3945 485 4016 indignationis,
505 3943 549 3994 lu·
584 3965 629 4000 sna
644 3943 740 3998 dirius.
777 3945 1014 4003 Imitatiollomen
1029 3961 1114 3996 ms·-

47 4031 112 4073 turo
140 4020 313 4089 significatae,
340 4031 441 4069 seusun
451 4010 549 4063 ‘efferat
584 4017 680 4068 nilesta
695 4014 729 4069 Il.
750 4032 777 4078 α,
798 4011 1085 4086 193.sqq.‚ueint.

50 4091 168 4142 futurum
190 4097 318 4148 exactum,
332 4085 386 4137 rid.
411 4082 466 4147 lv,
491 4083 549 4155 ⁵90·
585 4101 664 4136 neris
678 4083 775 4136 Achilli
796 4085 847 4134 soli
865 4082 893 4134 in
913 4091 1083 4161 conspectum

49 4164 101 4210 Pro
122 4158 260 4230 luppiter!
277 4156 326 4205 ibit
357 4155 428 4216 Hic,
452 4154 507 4214 ait,
525 4162 550 4200 et
585 4153 673 4217 venit,
693 4151 912 4223 eumquelabirs
935 4158 963 4200 et
983 4160 1084 4231 impetu

49 4231 150 4281 mitris
174 4226 296 4292 inluserit
322 4225 423 4276 advena
440 4220 551 4291 regnis?
583 4231 701 4277 recesst.
716 4248 751 4264 -
764 4221 807 4275 sd
820 4220 881 4289 ⁵9²·
898 4217 958 4287 ⁶93.
971 4217 1009 4268 et.
1019 4215 1084 4277 ibid.
