2422 5084
418 320 468 375 ιω
514 264 766 404 inaniora.
832 248 835 253 Ι
890 312 895 321 ’
1035 307 1115 381 283

65 472 267 567 intelligia
297 491 340 539 ne
363 466 457 534 iliud
474 489 652 551 moneam,
678 466 764 556 epici
790 467 951 536 carminis
971 469 1117 541 virtutes

65 581 199 647 multas
220 597 264 642 cx
284 569 486 640 narrationis
503 567 612 635 bonae
632 567 747 635 indole
767 581 802 635 ot
820 583 942 641 natura
959 595 1031 639 essa
1049 598 1117 662 pe·-

65 678 212 759 tendas3
234 675 410 765 adquam
428 675 547 762 utique
571 694 652 739 cum
674 673 798 738 ceteris
820 686 856 739 ct
874 676 939 742 ho'c
964 688 1116 765 spectat,

65 791 111 848 ut
127 788 226 845 tanto
240 777 377 845 dulcior
392 775 440 840 sit
454 776 567 843 omnis
581 773 753 855 narratio,
777 788 904 864 qrurnto
920 781 1036 870 msrgir
1050 781 1120 846 illa

65 881 233 949 animum
259 893 390 947 terrore
412 878 471 948 vel
490 877 716 945 miseratione
738 878 907 971 exagitat.
955 880 1002 947 Ut
1020 906 1118 981 vcro,

65 983 167 1073 quod
188 981 298 1048 iidem
316 983 387 1049 viri
409 981 505 1048 docti
529 979 696 1051 arbitrati
717 989 817 1058 sunt,
851 984 967 1051 sutilis
995 988 1120 1076 aliqua

65 1085 298 1176 tragicorum
319 1085 498 1152 actionum
516 1104 704 1173 compages
725 1081 851 1148 bonum
870 1107 952 1173 apos
971 1084 1117 1174 efficiat,

65 1188 295 1258 vehementer
314 1210 448 1257 vercor.
507 1186 560 1254 Ar
577 1210 621 1251 ea
641 1184 735 1275 epici
764 1185 931 1252 carminis
954 1188 1119 1275 partibus

65 1291 184 1357 bonos
209 1290 412 1383 tragoedias
420 1287 513 1379 fleri
524 1311 625 1377 posse
643 1287 721 1352 alia
741 1284 797 1353 res
809 1298 875 1367 eat,
902 1288 944 1354 de
958 1312 1028 1377 quo
1047 1293 1122 1358 iam

65 1392 286 1461 Aristotelea
309 1394 385 1483 egit
407 1394 507 1458 Poi't.
531 1415 561 1457 c.
581 1390 639 1461 aa.
662 1400 697 1455 et
715 1388 764 1455 26.
808 1389 908 1456 Illud
921 1402 1038 1457 tamen
1056 1418 1121 1460 ne·

65 1494 159 1586 gari
180 1495 314 1583 nequit,
337 1516 418 1560 cum
441 1494 491 1574 id,
515 1491 610 1584 quod
626 1490 874 1559 admirationis
887 1492 1032 1559 maioris
1050 1497 1121 1566 vim

72 1597 204 1672 habet·
222 1596 272 1661 ad
289 1596 426 1662 animos
449 1605 584 1662 nostros
606 1594 793 1667 movendos
814 1605 911 1661 tanto
934 1595 981 1667 sit
994 1607 1145 1684 potens

65 1699 158 1780 tius,
182 1698 322 1766 heroica
342 1708 541 1784 argumenta
552 1714 659 1781 genua
671 1697 759 1784 epici
773 1698 931 1764 carminis
953 1698 1127 1766 nobilissi-

67 1824 178 1871 mam
201 1801 426 1878 constituerc3
441 1800 659 1887 praesertim
683 1800 714 1864 si
734 1823 778 1865 cx
791 1800 938 1866 heroicis
959 1804 1130 1892 tempori-

65 1902 144 1970 bus
153 1901 274 1991 petito
290 1898 444 1989 fuerint,
468 1901 591 1993 quibus
613 1902 756 1968 deorum
779 1903 976 1991 interventu
995 1926 1051 1969 res
1065 1915 1129 1972 aut

65 2015 204 2101 gestae
221 2013 302 2070 aunt
320 2013 383 2069 aut
392 2004 476 2092 geri
491 2005 666 2083 creditae3
687 2003 754 2068 etri
768 2004 884 2070 minuc
902 2006 988 2073 bene
1002 2031 1027 2071 a
1038 2008 1132 2076 Bat-
1175 2052 1177 2059 ·

71 2107 193 2174 teuoio
219 2117 256 2173 et
271 2105 355 2172 aliis
372 2115 449 2171 tota
470 2106 564 2196 epici
584 2103 752 2173 carminis
766 2106 821 2174 vie
835 2107 881 2173 ab
903 2107 959 2174 liic
982 2108 1129 2181 deorum

71 2209 288 2277 ministeriis
302 2206 499 2275 deducitur.

174 2308 221 2380 V.
278 2308 436 2399 Reliqua
443 2361 454 2393 ,
488 2333 577 2401 quae
596 2308 640 2377 de
665 2315 821 2381 carmine
850 2317 949 2406 epico
968 2324 1132 2413 praecipi

80 2415 211 2499 solent,
227 2412 366 2505 partim
380 2435 423 2479 cx
441 2414 645 2481 narrationis
658 2415 771 2482 bonae
789 2416 922 2484 rationo
935 2443 974 2487 ac
988 2446 1131 2513 praece-

80 2517 166 2608 ptis,
182 2517 321 2607 partim
342 2539 386 2581 cx
404 2515 556 2605 poiticae
574 2518 736 2586 orationis
757 2518 873 2607 genio,
896 2535 1064 2610 quatenus
1091 2531 1130 2598 in

79 2630 229 2718 utroque
241 2644 380 2688 summu
397 2621 630 2713 perfectaque
648 2621 740 2686 ratio
763 2624 958 2711 quaeritur,
980 2632 1132 2716 repetita

80 2724 177 2805 aunt,
201 2720 361 2813 etfacile
380 2727 493 2814 repeti
503 2733 718 2812 possuntsv.
743 2745 770 2788 c.
794 2747 883 2810 quae
896 2724 940 2791 de
962 2731 1132 2818 epicadiis

85 2836 217 2916 argute
249 2829 367 2919 magis
382 2851 487 2916 quam
501 2846 583 2891 cere
602 2822 835 2911 disputantur.
878 2825 1004 2917 Neque
1021 2833 1137 2917 inhio

91 2926 231 2994 aninaos
249 2931 491 3018 generosiores
518 2925 581 2990 diu
604 2924 755 2991 detineri
786 2925 909 2992 velim.
954 2929 1135 3021 ,Pleraque

81 3030 181 3097 onim
202 3038 284 3095 sunt
308 3030 413 3111 talia,
435 3041 487 3110 ut,
510 3027 580 3093 nisi
606 3028 683 3115 quia
699 3024 898 3092 tardissimi
916 3029 964 3097 ait
985 3034 1132 3124 ingenii,

84 3135 207 3224 primo
231 3131 354 3199 statim
376 3152 497 3198 rerum
516 3128 651 3194 obiectu
670 3152 714 3193 ea
731 3129 917 3215 percipiat.
962 3134 1153 3216 Quorsum

83 3237 186 3303 enim
200 3257 343 3325 operoso
358 3235 473 3302 multa
491 3228 705 3299 conscribere
719 3229 778 3297 vel
796 3253 1078 3323 commemorare,
1100 3251 1142 3309 ut

78 3337 239 3430 jucicem,
263 3339 357 3429 prod
370 3345 619 3430 argumentum
633 3333 773 3422 epicum
787 3335 975 3419 contineat,
997 3339 1139 3427 doceas,
1194 3388 1197 3393 -

89 3466 170 3513 eaeo
184 3444 310 3511 debere
327 3463 454 3522 sunum,
474 3437 726 3518 etjabaolatum,
747 3435 884 3504 etintra
903 3439 1029 3508 iustum
1050 3456 1140 3512 tcm-

88 3550 187 3638 poris
216 3549 364 3636 spatium
383 3539 694 3631 comprehensum?
724 3563 887 3631 quorsum
906 3543 950 3609 do
969 3548 1138 3615 nectendo

88 3662 128 3718 et
140 3647 357 3717 dissolvendo
374 3646 476 3728 nodo,
498 3644 532 3710 ir.
555 3666 583 3709 e.
607 3641 874 3733 difficultatibur
889 3647 992 3714 motis
1008 3651 1066 3716 vel
1077 3651 1140 3716 ob-

87 3753 231 3820 iectio?
276 3751 319 3816 do
339 3749 569 3839 episodiorum
593 3746 756 3815 affinitate
777 3758 811 3813 et
829 3771 921 3817 ncxa
941 3773 1020 3818 cum
1044 3755 1140 3842 spica

89 3853 317 3924 narratione?
372 3850 474 3919 Haec
496 3849 696 3941 intelligere
723 3859 759 3914 ct
781 3854 918 3941 assequi
938 3852 1034 3921 haud
1050 3857 1140 3921 odeo

95 3956 246 4050 difficile
262 3966 334 4035 eat3
351 3952 577 4044 difficultates
584 3954 710 4043 paullo
730 3955 881 4022 maiores
895 3968 976 4024 tunc
990 3983 1142 4024 nascun-

90 4073 169 4143 -tur,
192 4060 224 4126 ai
244 4059 283 4125 in
306 4080 382 4124 rem
396 4069 620 4147 praesentem
635 4056 856 4124 deducendae
871 4072 954 4125 aunt
972 4061 1061 4125 istac
1084 4058 1143 4124 di·-

92 4158 339 4258 spectationem·¹
365 4160 416 4249 ai,
442 4169 574 4233 ut'uno
596 4161 758 4252 exemplo
771 4160 976 4257 desurgat,
999 4158 1145 4237 demon-
