2422 5084
1027 300 1099 352 Xlll

60 423 233 489 monuisse
253 422 490 492 recordaberis·
533 423 569 495 si
600 426 675 515 quis
703 450 785 497 vero
815 454 940 507 noram
970 442 1099 533 Virgilii

60 526 296 593 recensionem
318 539 513 607 curaturus,
555 528 591 594 in
611 530 849 621 orthographia
871 543 1099 617 constituenda

52 640 187 711 ¹certas,
210 628 401 716 eliquasse
421 642 615 701 constanter
628 635 831 723 adstringat,
852 641 943 729 leges
956 647 1019 713 sibi
1036 674 1098 738 po.

62 751 143 795 nere
164 728 265 815 velit,
287 745 420 817 gratum
446 731 603 799 omnibus
619 732 736 817 saciet,
758 740 840 807 dum
859 744 937 811 illus
956 751 1098 821 rationi-

62 831 122 897 bus
145 832 217 899 suis
237 834 407 915 nitantur,
429 835 599 923 dumque,
620 834 677 901 ubi
700 840 869 929 scriptura
888 846 932 911 ab
946 852 1099 937 ipsoex.

61 932 170 1001 hibita
183 958 205 1001 a
223 934 345 1003 codicis
357 936 446 1003 illius
460 937 628 1026 scriptura
642 946 828 1026 recesserit,
853 968 932 1014 eum
945 950 1013 1019 lide
1034 980 1100 1024 no-

61 1048 134 1103 tare
163 1059 208 1101 ne
238 1036 395 1107 fastidiat.
438 1042 478 1107 ln
509 1040 670 1105 varietate
697 1046 832 1130 quidem
849 1044 1026 1141 lectionis,
1054 1062 1098 1129 ab
1184 1020 1193 1051 ἱ

8 1162 11 1175 ·
61 1136 199 1227 Heynio
217 1138 433 1217 concinnate,
455 1142 513 1230 qui
536 1142 713 1210 Heinsium
723 1191 736 1223 ,
755 1149 991 1225 Burmannum
1013 1163 1099 1229 3150,

61 1252 195 1309 secutus
207 1255 275 1315 est.
296 1242 484 1330 scripturae
510 1257 544 1312 et
563 1245 723 1311 lectiones
745 1264 890 1329 exstant,
910 1280 1032 1343 quase
1052 1266 1100 1331 li.

61 1343 125 1411 bro
134 1344 341 1431 Fogginisno
354 1346 561 1436 discrepant3
584 1346 817 1421 desiderantur
832 1355 931 1425 etiam
947 1368 1100 1435 nonnul.

60 1448 133 1531 lae,
156 1471 238 1537 quas
258 1448 344 1513 liber
362 1448 589 1537 Fogginianus
612 1448 771 1539 praeben
797 1466 836 1520 ut
856 1458 939 1527 sen.
961 1468 994 1547 I,
1023 1480 1100 1549 467,

60 1557 135 1623 6³0·
184 1550 293 1617 Grai.-
327 1551 412 1616 nen.
448 1552 512 1631 Vl,
547 1558 611 1621 629
639 1548 766 1618 Graiss
802 1556 887 1625 Aen.
922 1563 988 1647 lv,
1024 1581 1097 1645 532,

60 1652 214 1743 Syaiaaei
236 1660 310 1717 est:
335 1652 400 1731 Vl,
423 1658 495 1723 1⁹⁸.
524 1651 687 1755 agnovit:
706 1656 739 1734 1,
761 1664 837 1726 867.
887 1663 985 1731 Tunc
1005 1674 1101 1739 cele·

59 1777 153 1823 rare.
199 1752 508 1835 stnen.111‚7a.
550 1752 740 1819 Errantem
761 1756 882 1845 Gyaro
901 1765 998 1833 celsa
1019 1775 1101 1862 My.

60 1878 218 1944 conoque
232 1855 385 1921 revinxit
400 1855 569 1944 Heynius=
590 1856 706 1933 „ordo
726 1860 910 1933 vorborum
934 1868 977 1935 ab
995 1872 1102 1943 Heln..

59 1958 106 2027 sio
141 1955 287 2024 Metisci
315 1957 540 2041 aliorumque,
578 1956 680 2021 etiam
711 1958 967 2047 Pierianorum,
1004 1979 1102 2045 codd.

61 2059 265 2131 auctoritate
287 2070 338 2123 est
357 2058 541 2124 restitutus.
552 2062 573 2096 “
615 2058 662 2124 At
688 2058 876 2145 Mediocris:
907 2073 1101 2147 Errantem

60 2164 211 2255 Mycono
235 2161 332 2229 celsa
356 2160 541 2251 Gyaroque
559 2158 725 2239 revinxit3
749 2176 783 2229 et
811 2167 969 2239 Heinsius
987 2177 1060 2263 ipse
1079 2206 1101 2250 a

62 2265 225 2337 Pierianis
249 2265 421 2331 nonnullis
443 2265 597 2331 ordinem
616 2284 715 2330 suum
732 2267 925 2355 profestum
950 2300 1021 2345 esse
1044 2296 1101 2349 te-

60 2382 180 2437 statur.
202 2370 288 2437 Item
311 2366 445 2446 nen-1,
455 2376 528 2440 368.
551 2365 745 2435 veraleatio
754 2388 909 2459 possent,
932 2400 1001 2445 non
1011 2406 1101 2469 pos.

60 2476 149 2556 siat,
177 2474 213 2539 in
236 2470 325 2538 Meti.
356 2481 481 2537 exstat:
514 2470 598 2537 Aen·
624 2466 689 2543 IV·
715 2479 796 2545 428..
820 2490 977 2547 notatum
1002 2485 1101 2571 legis:

62 2587 168 2669 neget
181 2572 304 2643 Medio.
325 2598 347 2641 n
366 2596 419 2663 pr.
435 2597 502 2653 m.;
524 2584 560 2639 at
574 2573 633 2637 ille
646 2584 788 2661 negata
805 2598 857 2665 pr.
874 2602 940 2659 m„
962 2597 1026 2651 ete
1040 2612 1101 2651 su.

60 2678 289 2772 perscriptum
305 2688 368 2744 est.
407 2677 449 2743 In
470 2675 558 2740 notis
574 2673 617 2741 ad
633 2675 717 2742 Aen.
739 2677 765 2757 l,
785 2687 861 2749 629.
882 2684 1099 2757 Burmannus

61 2784 261 2869 seripsersts
299 2775 365 2844 liae
386 2777 478 2843 deest
496 2776 670 2855 Medicam
701 2778 855 2864 sequitur
875 2783 1046 2872 Heynius3
1065 2804 1102 2857 at

61 2887 151 2955 liber
166 2884 224 2951 ille
237 2904 281 2949 ao
295 2878 451 2969 praebet,
472 2880 563 2967 quod
586 2880 762 2967 aliquoties
781 2881 818 2949 iu
832 2907 889 2971 eo,
913 2900 951 2953 ut
965 2890 1049 2957 Aen.
1071 2896 1100 2975 Ι,

61 2998 137 3067 467.
159 3008 196 3077 p.
218 2992 300 3063 109,
322 3005 386 3072 pro
402 2982 469 3050 tac
483 2985 648 3071 seriptum
668 2995 786 3051 exstat.

150 3087 267 3155 Paucis
276 3085 330 3153 his
344 3083 511 3171 exemplis
525 3086 697 3173 perspicis,
719 3086 1013 3171 virceleberrime,
1033 3113 1101 3179 qua

61 3193 135 3262 fide
157 3202 193 3255 et
212 3210 279 3277 quo
297 3184 409 3253 studio
432 3196 562 3253 textum
582 3188 715 3272 Virgilii
737 3187 779 3252 ad
803 3186 927 3274 Heynii
944 3193 1101 3263 volunta·

61 3310 132 3365 rem
153 3290 316 3361 exhibere
326 3287 543 3357 tentaverim.
585 3286 746 3375 Sequitur
759 3291 909 3374 nuncid,
933 3298 1020 3381 quod
1042 3323 1102 3367 ea.

62 3410 128 3491 put
147 3407 218 3477 est,
248 3390 534 3475 commentarium
554 3392 725 3479 quomodo
744 3395 954 3463 emendando
979 3410 1014 3463 st
1035 3424 1102 3466 au·
1136 3392 1142 3404 ’

61 3500 172 3591 gendo
193 3532 239 3551 -
259 3518 343 3565 num
370 3509 554 3581 utrumque
577 3493 663 3561 mihi
687 3495 882 3564 mandatum
907 3511 956 3564 est
983 3536 1027 3553 -
1055 3505 1101 3573 nd

61 3604 130 3671 viri
144 3599 270 3669 summi
279 3601 442 3667 rationem
454 3600 559 3685 magis
568 3596 732 3685 perficere
739 3614 877 3667 conatus
885 3603 959 3669 sim.
983 3602 1100 3692 Quam

64 3706 199 3795 quidem
214 3728 290 3771 rem
308 3704 491 3771 maioribus
505 3702 707 3791 implicitam
720 3700 821 3769 fuisse
837 3704 1102 3791 difficultatibus,¹

63 3809 118 3879 vel
140 3831 208 3875 non
230 3806 413 3875 affirmanti
434 3806 560 3873 eredes.
604 3806 653 3872 Aa
670 3803 819 3892 primum
837 3807 974 3895 quidem
989 3810 1099 3874 inter·

65 3912 274 4000 pretationes
295 3911 440 3998 singtrlas
464 3910 506 3975 ad
520 3911 803 3975 commentarium
820 3909 974 3975 editionis
988 3910 1101 3975 maio«

66 4013 111 4079 ris
124 4020 221 4102 exegi
237 4017 294 4096 its,
315 4025 354 4081 ut
365 4036 442 4081 raro
456 4024 588 4078 tuntum
604 4014 782 4079 sententias
796 4012 849 4077 vel
864 4012 969 4077 rerba
981 4010 1101 4077 mino·-

66 4116 114 4205 τὴ
131 4119 291 4213 praelata
315 4118 522 4213 reliquerim.
564 4115 652 4223 Sunt
672 4118 773 4189 etiam
793 4112 1105 4217 interpretationes*
