2386 4702
90 308 146 355 3111

88 443 273 538 profuisse,
296 437 414 529 paucis
430 438 599 506 declarare
620 438 725 507 iuvat.
768 440 854 506 Nam
875 460 951 505 curn
967 460 1067 529 saepe
1082 437 1124 506 in

88 543 329 636 disceptatione
343 566 444 607 verae
470 542 636 623 lectionis,
667 557 704 608 ut
715 544 871 631 exemplo
888 566 969 630 supr
991 565 1123 631 propo-

86 652 149 719 sito
166 646 370 727 ostenditur,
391 646 525 735 pondus
540 647 629 711 baud
647 668 790 733 parvum
809 647 850 710 ad
872 643 1122 711 dubitationem

84 754 269 824 tollendam
291 748 430 817 accessit
443 746 523 813 libri
546 746 636 813 illius
655 747 853 829 auctoritas,
876 760 949 814 tum
970 747 1124 839 scriptu·

84 882 138 925 ras
162 878 204 923 ex
230 853 289 921 illo
312 848 434 941 plures
455 848 578 938 recepi.
621 848 709 917 Dedi
733 864 846 916 autem
870 852 950 918 Aen.
973 853 1007 931 l,
1046 858 1122 923 581.

86 962 233 1029 Aenean
253 978 316 1043 pro
338 955 514 1032 Aeneam,
549 972 636 1041 qnae
667 950 836 1039 scriptura
860 950 929 1019 iam
960 952 998 1017 in
1027 957 1121 1021 Bur.

85 1060 276 1131 manninas
285 1055 436 1122 exhibita
450 1065 509 1132 est,
518 1054 560 1118 cl.
584 1053 700 1122 Heius.
724 1055 766 1119 ad
781 1052 879 1120 Ovid.
894 1054 1032 1121 Heroid.
1044 1057 1121 1139 Vll,

83 1176 157 1242 281
180 1166 260 1231 Aen.
285 1163 318 1242 l,
338 1165 412 1231 858.
437 1156 564 1225 veteris
586 1179 650 1244 pro
670 1168 823 1222 veteres:
844 1158 878 1241 1,
899 1166 973 1229 888.
997 1158 1121 1225 vitalia

83 1292 148 1355 pro
161 1264 302 1340 vitales,
325 1261 411 1327 nihil
423 1259 580 1324 orationis
593 1282 714 1326 curans
727 1258 992 1353 ambiguitatem,
1014 1285 1119 1351 quam

47 1438 52 1445 ,
83 1374 301 1438 Burmannus
319 1363 448 1430 frustra
462 1360 641 1449 quaesivit,
665 1362 759 1450 quasi
773 1380 857 1429 vero
870 1364 983 1430 Latini
1005 1364 1120 1431 ambi-

82 1473 245 1557 guitatem
259 1463 533 1533 terminationum
548 1476 617 1529 111111
639 1464 756 1531 sedulo
775 1464 1031 1543 vitassent,.aut
1053 1491 1120 1535 no-

82 1576 134 1639 his
156 1574 198 1638 do
220 1566 496 1661 pronuntiatione
524 1564 770 1633 terminationis
794 1570 825 1634 is
840 1593 902 1658 pro
926 1596 964 1637 es
982 1582 1119 1638 consts-

82 1668 157 1745 ret.¹
188 1668 390 1756 Addequod
411 1692 481 1733 non
506 1667 631 1754 ubique
650 1668 685 1731 iu
708 1670 848 1759 Virgilio
868 1672 930 1739 tali
944 1673 1118 1761 diligentia

83 1773 317 1866 perspicuitati
351 1772 529 1861 prospexit
560 1772 782 1836 Burmannus.
824 1775 914 1842 Num
944 1776 1140 1858 Aemili„

82 1888 156 1951 501.
200 1877 287 1961 Quis
309 1886 384 1940 tam
403 1872 554 1940 crudetis
577 1874 712 1960 optavit
729 1890 863 1943 sumere
873 1879 1036 1966 poenas?
1055 1879 1116 1946 ubi

82 1983 170 2049 nihil
191 1978 385 2049 inaruerit,
407 1975 604 2058 ambiguitas
626 1977 739 2040 minor
762 1989 827 2056 est,
854 2000 956 2066 quam
978 1982 1058 2049 Aen.
1082 1984 1116 2057 l,

80 2094 157 2157 709.
180 2081 354 2147 mirantur
373 2072 491 2151 Iulum
514 2074 786 2167 Flagrantisqaa
810 2080 870 2145 dci
889 2082 1019 2162 voltus,
1055 2084 1116 2149 ubi

74 2180 270 2283 flagrantis
284 2200 348 2268 pro
362 2176 559 2269 flagrantes
573 2203 592 2242 e
611 2180 700 2247 Med.
724 2180 866 2271 aliisque
888 2186 1025 2273 recepi?
1046 2187 1115 2253 Pa-

81 2292 164 2359 riter
178 2285 260 2353 ten.
280 2283 328 2366 Π,
349 2289 424 2351 tte
444 2273 621 2373 postisque
641 2306 703 2372 pro
712 2295 896 2373 postesque
918 2288 1055 2377 scripsi,
1079 2300 1114 2355 et

82 2396 143 2459 Ge.
167 2391 204 2468 l,
225 2391 300 2457 887.
322 2382 414 2450 orbis
432 2404 496 2472 pro
525 2384 622 2452 orbes
651 2386 866 2452 scribendum
894 2410 963 2453 esse
986 2388 1113 2455 ce'nseo.

78 2488 168 2563 Dedi
189 2498 363 2580 praeterea
384 2488 446 2554 Ge.
467 2488 502 2565 1,
525 2497 598 2559 841.
644 2486 802 2554 Tambia
822 2511 885 2579 pro
907 2500 987 2558 tanc
995 2517 1007 2572 3
1030 2495 1112 2559 Aen.

78 2600 130 2679 ll,
152 2602 228 2667 651.
249 2592 446 2680 lapsantem
461 2612 524 2677 pro
540 2590 754 2657 labeantem:
775 2595 858 2659 Aen.
881 2596 914 2675 l,
940 2604 1009 2662 117.
1030 2619 1112 2661 ver-

80 2715 140 2767 tas
150 2702 364 2789 prodortex,
386 2692 621 2779 quemcodicis
635 2694 777 2761 Medicei
799 2692 1004 2762 constantem
1026 2699 1114 2764 scri-

79 2816 216 2893 pturam
236 2796 387 2882 Heynius
410 2795 447 2860 ia
474 2804 545 2860 tota
567 2795 709 2885 Virgilio
729 2800 954 2865 reducendam
976 2821 1048 2863 esse
1068 2788 1131 2865 ad¹

80 2909 143 2973 tle.
170 2902 235 2977 lll,
268 2906 342 2968 241.
370 2906 501 2978 censen
531 2898 613 2965 Aen.
649 2900 699 2976 11,
720 2912 796 2974 818.
834 2900 1009 2968 Achivom
1031 2922 1109 2989 pro

78 3007 254 3077 Achivum
291 3000 382 3067 libri.
401 2998 490 3065 Med.
528 3000 726 3070 auctoritate
752 3004 883 3073 ratuni.
925 3002 996 3071 Nea
1022 3023 1108 3067 vero

79 3131 212 3176 causam
226 3102 341 3183 video,
363 3123 441 3168 enm
458 3103 610 3167 coniunx
633 3120 806 3174 servatum
828 3107 889 3189 sit,
912 3128 972 3171 cur
986 3128 1056 3170 non
1076 3117 1109 3168 et

78 3210 234 3301 gratatiens
247 3228 266 3270 e
279 3206 430 3271 Mediceo
445 3205 531 3273 Aen.
554 3207 708 3286 111,851.
731 3212 867 3291 edatur,
890 3210 947 3275 vel
959 3209 1029 3277 Ecl.
1051 3208 1107 3284 Ill,

76 3324 129 3383 72.
151 3334 171 3375 e
196 3308 369 3372 codicibus
392 3308 502 3377 Pierii
545 3311 663 3397 Neque
690 3324 804 3378 tamen
829 3310 914 3376 illud
940 3309 1108 3376 affirmare

77 3414 208 3490 ausim,
230 3406 352 3473 alibro
365 3411 517 3477 Medicao
533 3425 740 3481 constantem
758 3412 962 3500 scripturam
981 3411 1107 3499 ubique

75 3508 317 3608 posseinduci‚
338 3522 398 3575 aut
418 3510 451 3576 id
466 3536 486 3579 a
499 3535 555 3581 me
574 3514 792 3582 factumesse.
834 3511 923 3578 Nam
945 3513 1002 3578 ille
1017 3536 1107 3598 quo·

76 3642 145 3703 que
159 3615 195 3680 io
209 3611 382 3700 scripturis
398 3614 543 3682 Penatis
554 3628 585 3682 et
600 3618 768 3700 Penates,
791 3616 946 3707 quotiens
967 3628 999 3681 et
1020 3641 1106 3706 quo-

76 3722 159 3804 tics,
180 3726 329 3805 quomet
343 3739 462 3805 quum,
484 3740 664 3787 maumas
686 3730 719 3784 et
741 3717 929 3792 monimus,
954 3720 1105 3787 centenis

76 3822 149 3890 1111111
159 3821 205 3889 ita
218 3817 282 3885 sibi
295 3818 483 3907 discrepat,
506 3835 545 3890 ut
557 3835 680 3890 certam
701 3820 848 3910 aliquam
871 3844 971 3887 verae
989 3820 1104 3906 Virgi-

75 3927 115 3990 lii
127 3920 389 4011 orthographiae
401 3924 628 3993 restituendae
641 3926 731 3992 viam
746 3924 826 3991 iniri
840 3936 872 3990 et
887 3925 992 3989 teneri
1012 3922 1104 3988 dilli-

75 4025 239 4092 cillimum
260 4046 329 4091 esse
344 4039 521 4117 apparente,
543 4051 610 4114 qua
632 4031 727 4096 dere
744 4027 916 4116 Heynium
940 4027 975 4091 in
1001 4047 1101 4114 prae*

74 4124 201 4192 satione
223 4124 300 4193 edit.
329 4152 393 4194 sec.
415 4153 447 4218 p.
469 4132 576 4198 XLllI
596 4154 637 4185 -·
658 4132 781 4201 XLVll
806 4131 912 4197 multa
932 4130 1105 4218 praeclare
