2386 4702
47 330 53 345 ·
76 302 143 352 XIV

77 470 159 538 quae
181 443 399 525 evertente,
428 442 485 507 ubi
501 464 578 507 cum
599 442 686 507 notis
698 442 816 507 criticis
840 444 971 508 iunctae
991 458 1110 524 er,ant

77 549 250 617 transtuli.
296 548 347 613 Ad
357 528 451 611 Aen.
473 544 531 626 lv,
552 554 626 613 633
675 543 833 631 Namque
850 569 951 610 enom
972 550 1114 633 (nqtri-

76 678 149 721 cem
158 696 171 733 Ι
160 652 322 742 pererio
348 649 495 737 antiqno
528 648 616 713 cirris
643 657 721 712 nter
740 646 917 713 habebat
907 672 943 713 ιη
965 649 1115 715 editione

76 759 205 827 maiore
225 768 327 843 atque
349 752 385 817 in
406 752 538 817 minore
554 746 708 815 notarem
724 763 815 815 erat:
858 752 938 830 „Ut
958 754 1040 818 aliae
1054 766 1115 819 tn-

79 863 193 943 mulo‚
227 856 407 945 repulere,
437 874 528 919 urim
548 851 695 932 haberi,
724 854 837 919 teneri
861 856 1040 936 dicuutur
1070 857 1118 925 rie

75 986 167 1059 nnnc
191 960 280 1027 einis
302 953 581 1053 quatrionem)
604 954 794 1020 hebetur.“
836 956 905 1025 At
895 981 930 1022 m
951 982 971 1023 r
974 960 1117 1025 verietate

77 1052 165 1133 inter
185 1086 237 1142 en,
260 1068 346 1148 qnn'e
369 1057 536 1147 Heynio
527 1080 562 1163 ¹¹¹.
584 1058 648 1122 hoc
671 1080 769 1123 versu
785 1060 971 1147 displicent,
994 1076 1029 1125 et
1050 1062 1115 1127 hoc

77 1165 290 1258 propositum
308 1162 453 1241 videet,
456 1185 567 1241 cente
574 1184 610 1226 ιιι
618 1173 706 1251 potr
707 1184 744 1225 tn
751 1162 919 1227 nutricem
926 1162 1115 1243 hebebat,“

78 1273 169 1337 unde
193 1268 481 1334 constructionem
495 1266 592 1331 iilum
608 1264 816 1354 perspexisse
829 1276 980 1353 apparet.
1023 1265 1114 1331 Num

77 1374 179 1459 igitur
206 1380 289 1435 nota
316 1368 439 1434 intecta
467 1368 689 1453 relinquendo
715 1365 805 1433 fuitt
840 1368 1002 1434 Ceterum
1031 1390 1118 1455 quoe

79 1478 135 1545 hic
159 1475 194 1539 in
219 1471 375 1538 oratione
397 1469 527 1557 Virgilii
554 1470 861 1560 reprehendentur,
884 1493 924 1536 ee
943 1492 1013 1537 non
1028 1484 1118 1536 reete

64 1580 283 1667 'reprehenso
306 1572 390 1639 mihi
414 1572 583 1639 videntur.
625 1573 714 1640 Nam
736 1573 765 1639 ei
791 1572 933 1639 dicitnr:
956 1573 1119 1640 redactae

77 1704 155 1747 eum
177 1681 214 1744 in
236 1677 406 1749 cinerem,
435 1668 523 1743 et‘uie
545 1698 641 1755 eum,
672 1698 736 1740 cnr
757 1676 991 1761 improbetur:
1028 1678 1118 1743 cinis

73 1764 134 1852 'me
163 1779 294 1847 imber?
322 1776 358 1845 si
386 1798 489 1863 quem
522 1779 728 1844 adiectirum
755 1776 989 1865 pronomin'aie
1015 1802 1119 1843 errem

79 1906 144 1977 pro
165 1882 337 1949 nutricem
359 1881 435 1947 ciue
459 1878 617 1959 offendit,
638 1881 667 1947 ie
690 1879 932 1945 Foreellinium
955 1880 1073 1961 edent,
1096 1904 1117 1945 e

76 2009 143 2073 quo
167 1985 290 2053 similia
311 2006 330 2046 e
349 1982 526 2058 Cicerone,
547 1984 679 2070 Nepote
700 1982 894 2066 Ovidioqne
907 1982 1007 2049 altare
1024 1998 1118 2050 sunt.

77 2088 177 2177 Quod
200 2085 345 2169 deniqne
365 2084 401 2147 in
422 2086 543 2171 patria
565 2087 711 2174 etreliqua
731 2084 889 2167 (Didus)
910 2087 1042 2173 sepulta
1058 2086 1126 2152 itta.

75 2199 251 2269 rrnrrntur,
274 2208 345 2251 non
368 2186 584 2271 Carthagine,
608 2186 681 2252 eine
695 2186 746 2251 rei
760 2185 942 2253 arbitrium
961 2202 1037 2255 eret
1051 2211 1116 2277 pe-

76 2316 137 2360 nes
158 2290 348 2359 Maronem.
391 2289 555 2357 Similiter
575 2292 649 2355 toea
668 2288 732 2356 Ge.
754 2292 798 2371 Π,
822 2300 864 2363 98
878 2302 990 2363 et300
1007 2316 1116 2361 exon.

76 2409 150 2462 tere
170 2415 235 2458 nec
255 2405 352 2459 vacet
369 2394 551 2459 neolibet.
595 2392 661 2458 Ubi
681 2415 765 2457 vero
780 2395 824 2459 eb
840 2394 972 2485 Heynio
989 2400 1117 2467 dircen.

77 2496 233 2567 tiendum
260 2508 319 2561 aut
340 2496 477 2563 reinon
492 2506 630 2563 notatae
641 2495 872 2573 illustratione
882 2500 1033 2569 tironum
1058 2505 1117 2569 in·
1159 2488 1162 2497 ⁵

74 2596 258 2687 telligentie
289 2600 442 2667 iuranda
471 2600 557 2665 milri
586 2620 659 2663 eece
688 2596 880 2683 videretur,
915 2606 1117 2671 sententiam

77 2726 189 2783 meem
211 2703 480 2789 qualemcunque
498 2700 613 2768 adieci.
656 2700 710 2767 Ex
731 2702 784 2767 hie
806 2718 942 2786 autem,
969 2731 1055 2793 quoe
1075 2710 1117 2775 de

75 2830 153 2875 meo
175 2804 306 2885 addidi,
327 2828 398 2871 non
416 2828 523 2891 penca
545 2805 586 2869 ad
607 2802 862 2890 grammaticam
875 2822 1057 2897 -spectant,
1081 2813 1118 2878 in

77 2909 198 2999 primic
220 2908 262 2973 ed
286 2906 459 2975 insolitem
482 2910 538 2975 vel
562 2907 740 2973 modorum
762 2910 928 2976 rationem
951 2914 1008 2976 rel
1030 2936 1118 2979 con*

74 3012 283 3079 secutionem
304 3024 501 3101 temporum
522 3010 778 3086 declarandam
810 3032 896 3097 quoe
923 3014 1007 3106 mihi
1030 3017 1118 3082 tirn-

74 3140 176 3196 num,
196 3115 234 3181 iu
254 3138 401 3205 qnorum
430 3114 575 3201 gratiam
606 3113 688 3179 haec
702 3124 756 3179 eet
774 3128 894 3203 parete
913 3117 1034 3195 editio,
1057 3142 1117 3185 ra-

73 3219 183 3283 tionee
205 3239 309 3304 neque
323 3220 495 3308 pertulere
504 3217 594 3283 virne
610 3230 701 3297 sunt,
724 3241 764 3283 ec
780 3233 957 3309 praecepte
974 3221 1017 3287 de
1030 3244 1113 3285 ver-

76 3320 203 3383 borum
228 3319 360 3385 delectu
382 3334 417 3385 et
429 3321 623 3386 discrimine
645 3322 794 3409 poeticae
815 3333 849 3385 et
864 3324 1024 3408 pedestris
1037 3346 1116 3389 oro-

74 3420 187 3498 tionis,
210 3441 363 3506 quaeque
384 3426 449 3488 elie
465 3422 507 3488 ad
524 3425 659 3511 poiitam
674 3423 911 3488 illustrandum
926 3428 1115 3491 necessarie

73 3533 163 3591 eunt.
204 3520 323 3607 Neque
343 3546 425 3591 vero
448 3528 561 3613 negari
582 3526 719 3613 poterit,
743 3524 925 3611 Heynium,
948 3527 990 3591 ab
1008 3529 1116 3594 inter·-

75 3627 266 3718 pretatione
286 3648 379 3691 mere
394 3628 625 3714 grammatice,
647 3628 737 3715 qunli
753 3638 787 3690 et
803 3628 874 3714 ipre
893 3629 973 3695 olim
989 3654 1114 3719 magno

75 3752 153 3797 enm
179 3730 290 3796 taedio
312 3730 478 3795 exercituo
502 3743 574 3797 eret
594 3742 628 3795 et
650 3730 684 3793 in
705 3728 829 3795 scholis
849 3732 965 3797 multis
992 3755 1116 3819 pueros

77 3836 263 3901 etiamnum
288 3853 358 3897 non
380 3845 473 3897 recte
487 3834 618 3903 institui
641 3832 791 3907 dolebat,¹
807 3834 1056 3915 abhorrentem,
1078 3836 1114 3901 in

75 3936 211 4002 minore
242 3934 391 4003 editione
418 3958 473 4002 res
500 3938 734 4026 grammaticae
763 3960 831 4003 non
861 3937 938 4004 retis
965 3960 1115 4007 curasse.

75 4037 230 4105 Invenies
248 4037 347 4103 etiam
372 4036 501 4105 critices
524 4054 619 4107 notas
642 4040 797 4108 adiectae.
843 4040 996 4107 Primum
1022 4044 1114 4107 eninr

76 4138 190 4227 pluree
207 4162 337 4219 verene,
358 4140 490 4231 Heynio
510 4144 619 4232 spurii
639 4143 710 4217 visi,
731 4166 839 4231 quum
853 4144 1021 4213 asteriscis
1036 4146 1109 4233 ple—
