2386 4702
119 306 199 361 xxx
274 302 309 355 r.
359 300 570 354 rrnorurr
618 262 827 351 us'ronrs
876 298 1002 366 vrrs,

460 472 463 477 ·
516 445 557 515 υ.
580 421 640 512 ’0.
682 451 756 515 sss.

298 570 344 637 L.
366 560 578 657 Calpurnius
596 564 688 631 Piso.
717 564 778 648 ‚A.
799 562 980 635 Gabinius.

292 682 383 736 ··a·.
406 670 442 738 ο.
474 678 527 742 as.
575 663 727 759 Virgilii
748 672 852 739 12-
876 679 925 741 1s
971 686 976 701 ·
1030 688 1037 699 ·

125 812 132 847 ι
204 777 434 862 Hieronymus
457 772 495 839 iu
519 769 644 841 Chron.
666 770 789 837 Euseb.
811 794 846 860 p.
872 782 930 845 151
954 775 996 841 ad
1017 774 1158 866 Olymp,

121 889 203 963 180,
233 891 274 954 6,
304 879 454 966 adeoque
464 875 511 940 ἧι.
540 897 588 956 οι,
624 868 800 962 Virgilius
823 873 1012 942 Cremonae
1032 880 1160 944 stadiis

120 984 290 1053 eruditur.
333 979 443 1050 Aliter
458 979 612 1045 Donatus
626 976 655 1061 S.
680 986 712 1047 6.

205 1088 366 1153 Ceterum
405 1079 467 1147 etsi
493 1078 535 1144 de
566 1077 735 1163 magistris
762 1076 892 1167 Virgilii
921 1092 957 1148 et
985 1082 1160 1172 disciplina

118 1215 190 1259 non
210 1186 290 1254 setis
311 1195 460 1266 constet,
481 1194 584 1270 etque
604 1202 684 1247 eum
708 1179 851 1249 obscuro
866 1183 940 1250 loco
955 1196 1075 1251 netum
1089 1210 1161 1252 esse

118 1294 199 1362 satis
223 1297 398 1379 appareat,
426 1282 559 1352 liberali
579 1288 693 1348 tamen
715 1280 927 1353 institutione
950 1306 1030 1352 sum
1051 1312 1153 1357 usum

119 1410 155 1465 et
167 1414 244 1461 oum
259 1391 342 1458 viris
355 1386 462 1454 doctis
479 1397 511 1452 et
530 1365 737 1475 elegantibus
761 1397 936 1455 versatum
949 1409 1038 1468 esse,
1058 1388 1160 1479 inge-

118 1499 169 1566 nii
188 1495 258 1560 eius
280 1492 318 1558 in
336 1487 541 1558 carminibus
567 1506 726 1578 expressa
744 1497 904 1554 venustas
929 1489 1007 1556 sutis
1031 1492 1156 1582 prodit.

116 1601 175 1669 Ex
193 1593 318 1663 humili
334 1591 425 1658 enim
447 1600 482 1657 et
502 1587 637 1679 sordida
655 1586 727 1654 vitu
746 1598 780 1653 et
798 1587 1017 1657 sordidorum
1040 1593 1157 1663 homi.

31 1769 34 1773 ,
73 1689 76 1693 ’
116 1693 577 1771 numeonsuetudineuemo
592 1688 692 1757 facile
704 1691 856 1777 generosi
879 1691 1001 1780 poitur
1015 1697 1158 1786 spiritus

18 1784 58 1862 ·¹
116 1796 243 1883 sumiti
281 1795 346 1864 nisi
368 1794 459 1865 forte
480 1792 722 1879 elegantiarum
746 1790 939 1869 litterarum
962 1796 1159 1868 humanitus

115 1905 367 1991 meliorumque
388 1895 575 1985 hominum
600 1893 863 1963 contubernium
892 1900 1160 1988 exemplumque

114 2008 285 2081 natalium
297 2001 412 2068 sordes
424 1999 624 2087 primaeque
635 1996 802 2087 pueritiae
815 1997 1005 2085 robiginem
1026 2002 1161 2074 absten-

115 2109 210 2183 serit.

511 2269 762 2345 U..Cd9il

117 2400 179 2472 Gn.
207 2393 398 2484 Pompeius
425 2392 579 2484 Magnus
605 2388 653 2458 ΙΙ.
675 2393 726 2460 Μ.
753 2389 915 2459 Licinius
943 2389 1088 2460 Crassus
1108 2340 1160 2461 Il

346 2519 381 2577 a,
405 2494 444 2563 C.
464 2496 520 2567 66.
569 2491 722 2586 Virgilii
751 2500 855 2566 16-
877 2504 928 2565 16.

200 2604 275 2674 llos
295 2622 385 2666 anno
409 2605 524 2684 togam
544 2597 681 2664 virilem
706 2596 826 2663 sumsit
845 2596 1074 2684 Virgilius,
1047 2625 1075 2665 ιι
1094 2626 1158 2668 ve·

113 2730 195 2782 rum
209 2714 279 2784 est,
300 2701 391 2790 quod
410 2703 579 2767 sDonslo
598 2699 636 2765 in
651 2698 730 2768 Vita
742 2697 872 2786 Virgilii
887 2701 916 2785 §.
938 2710 960 2770 6
983 2724 1156 2771 memore-

112 2810 192 2894 tur,
213 2806 350 2889 iisdem,
379 2801 542 2891 quibus
523 2813 623 2869 nutus
639 2812 734 2883 erut,
756 2799 848 2868 Coss.
871 2800 912 2871 iu
930 2800 1057 2871 factum
1072 2831 1157 2877 esse.

112 2919 159 2988 m
187 2932 280 2981 anno
312 2902 383 2971 sere
407 2902 472 2975 XV
492 2886 547 2971 vel
566 2901 647 2973 XVI
661 2922 708 2970 eu
739 2902 947 2971 sumebatur.
971 2928 1005 2972 v.
1045 2909 1159 2979 Neris.

49 3000 56 3015 ’
114 3011 304 3102 Cenoteph.
326 3006 438 3074 Pisun.
427 3030 494 3096 ..p
520 3014 582 3080 116
603 3028 653 3095 sq.
676 3006 858 3099 etpsssim
875 3008 977 3091 elios,
999 3012 1159 3123 utMss-

114 3143 185 3189 sou.
207 3119 246 3233 in
259 3111 339 3185 Vita
351 3109 485 3178 Horslii
501 3110 692 3180 etovidii.
830 3116 862 3153 'r

381 3281 752 3357 'Um-Gaul

33 3361 39 3381 ’
115 3406 177 3476 aa.
225 3402 405 3475 Domitia.
454 3402 630 3472 ousiam.
678 3401 730 3468 rs.
778 3348 948 3468 Varenus
988 3401 1160 3476 sanan.-

352 3527 385 3568 a.
409 3502 520 3578 068.
568 3499 718 3594 Virgilii
741 3512 845 3573 17-
869 3513 919 3576 18
1176 3548 1180 3555 .

198 3623 428 3711 Hieronymus
459 3625 584 3693 Chron.
606 3622 727 3689 Euseb.
757 3621 800 3688 sd
829 3624 966 3715 Olymp.
1000 3636 1080 3708 181,
1113 3635 1154 3698 4.

117 3724 309 3818 Virgilius,
331 3737 446 3792 sumta
459 3739 555 3819 toga,
575 3724 817 3792 Mediolanum
830 3730 1098 3818 transgreditur,
1120 3710 1161 3797 el

111 3842 194 3922 post
209 3829 309 3897 breve
329 3838 465 3919 tempus
481 3830 636 3896 Romam
655 3829 782 3920 pergit.
825 3831 871 3897 At
886 3833 1038 3898 Donatus
1061 3835 1080 3918 §
1114 3842 1154 3902 7·

114 3931 186 4001 Sed
209 3928 387 4023 Virgilius
411 3932 581 4000 Cremona
601 3930 860 4013 Mediolanum,
885 3944 924 3998 st
944 3934 1022 4000 inde
1043 3935 1154 4023 paulo

114 4047 194 4122 post
208 4035 388 4124 Neapolin
405 4037 601 4102 transiit-
619 4058 655 4102 se
670 4035 706 4102 in
728 4034 856 4101 Urbem
870 4036 1023 4104 contulit.
1070 4037 1157 4105 Uter

115 4137 230 4206 verius
243 4138 384 4224 dixerit,
405 4137 638 4228 quisdelinire
652 4139 758 4209 ausit!
779 4139 934 4209 Fortasse
949 4161 994 4207 ne
1006 4140 1156 4208 Romam
