2386 4702
116 311 202 379 xxo

115 457 213 530 uiuat
243 456 500 553 eranttamsn,
529 474 618 547 quae
646 458 778 527 sublata
803 459 925 542 velles,
956 473 996 527 ot
1026 461 1160 539 formas

117 568 313 643 omnum,
325 575 532 634 venantum.
576 563 792 665 Quamquam
807 563 923 631 omnia
936 564 1040 630 huius
1050 585 1165 651 gene·

118 662 165 730 ris
188 662 229 726 ad
247 662 366 733 vivum
383 688 534 735 reserare
551 689 621 733 non
635 664 702 731 fuit
714 666 901 733 consilium.
947 667 1166 755 Quamvsro

120 763 222 829 otiam
245 769 476 857 perspicuitati
500 766 710 854 diligentiam
731 792 787 835 me
817 768 1008 835 adhibuisse
1028 766 1169 854 profes·

76 895 88 945 t
121 889 177 933 sos
194 892 282 943 sum.
306 893 382 938 earn
407 875 449 940 ad
470 875 544 941 loos
563 871 702 952 contuli,
724 871 838 958 qualia
855 872 937 940 liaeo
957 881 1054 937 sunt:
1079 870 1166 936 Aen.

21 1032 26 1041 .
119 971 147 1047 l,
168 980 243 1042 367.
286 972 383 1054 „Sed
404 989 497 1044 reete
517 970 641 1066 βόειον
652 968 809 1068 βύρσαν,
831 974 996 1055 fabulam,
1017 971 1169 1038 aGrae-

124 1071 172 1136 cis
192 1072 287 1141 haud
303 1075 405 1145 dubio
418 1092 542 1162 ortam,
564 1077 666 1168 po'e'ta
682 1078 874 1163 sequitur.“
917 1079 1004 1146 Aen.
1026 1075 1068 1156 ll,
1091 1082 1170 1144 948.

121 1223 149 1254 n
162 1170 294 1242 Velare
309 1182 489 1269 pro'prinm
503 1183 568 1249 hso
581 1181 619 1247 in
635 1201 688 1261 ra,
709 1179 878 1268 suspensis
893 1201 995 1266 super
1015 1176 1171 1263 templo-

124 1299 203 1343 rum
224 1280 377 1366 postibus
388 1288 523 1353 ooronis
536 1284 696 1363 assertis,
719 1283 821 1349 etism
837 1281 1014 1349 frondibus
1028 1277 1172 1344 infulis-

125 1398 203 1465 que.
247 1383 416 1453 Traduxit
434 1388 507 1457 aliis
525 1373 608 1457 loeis
630 1385 729 1475 po‘e‘ta
749 1387 792 1453 ad
813 1387 1038 1474 quodcunque
1067 1408 1173 1451 coro-

126 1481 232 1551 nandi
254 1507 377 1572 genus,
399 1491 504 1561 etiam
524 1488 741 1567 victimarum
760 1492 817 1557 vel
830 1487 1063 1570 sacerdotum,
1084 1511 1172 1578 sup-

126 1584 256 1672 plicum
278 1607 433 1681 quoquo,
453 1595 526 1662 sola
553 1584 677 1660 dorosa
700 1591 757 1657 rel
773 1588 881 1658 infula
896 1614 935 1657 ao
953 1589 1082 1659 vitta.“
1158 1598 1161 1607 '

213 1687 343 1780 Habea,
372 1695 426 1764 r'ir
455 1695 703 1771 celeberrime,
739 1714 807 1782 exp
824 1691 1002 1761 'ostionem
1032 1693 1169 1780 plenam

129 1808 253 1877 operae
280 1806 314 1861 et
335 1799 439 1867 studii
457 1796 622 1885 Virgilio,
649 1815 753 1879 quem
777 1696 928 1885 illyrius
955 1793 1077 1876 edidit,
1103 1795 1170 1860 irn-

128 1890 245 1976 P⁰¹¹⁸lt
267 1894 304 1962 iu
327 1921 396 1986 quo
418 1903 447 1968 si
463 1901 554 1971 sorte
574 1897 739 1964 voluntati
753 1901 849 1966 Tuae
864 1921 902 1965 ao
920 1895 1046 1963 iudicio
1058 1895 1171 1962 minos

130 1991 289 2074 satisfeci,
310 2004 469 2069 nonnihit
500 2024 606 2081 vero,
626 2021 713 2085 quae
741 2002 819 2068 Tua
846 2011 897 2067 eat
922 1997 1118 2066 humanitas
1141 2007 1190 2073 et,

130 2095 300 2179 aequitas,
321 2105 505 2171 conditioni
529 2097 626 2171 meae
648 2101 789 2168 tribues.
832 2103 920 2171 Natu
939 2123 1018 2169 cum
1037 2110 1073 2164 et
1095 2110 1173 2163 anto

131 2212 205 2258 sors
226 2199 314 2267 mibi
336 2204 494 2294 obtigerit
510 2206 604 2272 haud
626 2202 827 2287 invidenda,
848 2216 923 2271 tum
943 2204 1008 2270 hoo
1022 2198 1171 2265 triennio

131 2295 226 2364 nulls
242 2299 317 2370 fere
327 2306 541 2399 interoapedo
557 2306 624 2373 fuit
639 2305 873 2383 molestiarum
887 2315 922 2372 e't
939 2324 1113 2385 curarum,
1135 2312 1174 2367 ut

75 2478 78 2483 .
132 2419 179 2465 ΒΘ
208 2425 301 2474 nuno
327 2412 466 2500 quidem
497 2434 541 2479 ex
568 2410 634 2477 illis
664 2409 797 2476 animus
826 2408 906 2474 satia
928 2403 1172 2493 conquieverit.

134 2501 271 2591 Quibus
291 2515 365 2582 telis
383 2513 545 2582 fortunae
567 2521 733 2603 perpetuo
758 2509 829 2577 vita
853 2532 931 2577 mea
951 2509 1077 2599 petits,
1097 2503 1175 2573 fieri

129 2625 202 2672 non
224 2604 350 2698 potuit,
373 2617 457 2704 quio
467 2616 505 2683 io
517 2613 636 2682 studiis
644 2660 655 2696 ,
675 2633 763 2700 quae
775 2613 950 2702 amplexus
969 2633 1064 2690 sum,
1088 2631 1173 2696 per·

10 2742 18 2751 ··
132 2715 311 2796 sequendis
328 2731 362 2787 et
383 2717 626 2810 promovendis
649 2737 744 2785 casus
763 2714 1059 2783 incommodorum
1075 2734 1175 2778 meo-

131 2831 212 2879 rum
224 2823 507 2907 merstardariut·

215 2919 276 2987 Hit
298 2947 359 3014 ego
377 2927 483 2997 literis
502 2925 531 2993 si
549 2922 585 2993 id
605 2922 809 3003 efferissem,
831 2930 871 2983 ut
892 2919 966 2999 Tu,
989 2914 1044 2982 vir
1058 2916 1176 2983 erudi-

131 3014 270 3107 fioelme,
292 3029 469 3114 iudicares,
490 3051 546 3096 me
571 3041 605 3094 et
616 3028 696 3095 fidei
713 3026 913 3117 pietatisque
927 3020 969 3093 „ln
999 3019 1177 3108 lleynium

133 3120 244 3194 officio
260 3146 374 3202 saneto
397 3153 531 3202 servare
540 3120 583 3197 xet
604 3123 972 3199 destudiisiuventutis
997 3120 1082 3188 bene
1098 3146 1176 3189 me-

134 3226 204 3290 reri
225 3230 413 3322 laborasse,
441 3231 697 3317 existimabam,
718 3235 906 3323 optandum
932 3225 1094 3319 quiddam
1118 3249 1175 3291 me

130 3341 206 3415 9⁸⁸⁶
231 3351 430 3409 astuentum.
474 3339 676 3405 Persuasum
700 3337 790 3403 enim
818 3334 897 3402 Tibi
925 3331 1066 3409 habeto,
1089 3328 1177 3394 nihil

136 3442 193 3489 me
224 3430 382 3505 habuisse
407 3434 598 3526 antiquius,
619 3460 722 3525 quam
744 3450 783 3503 ut
805 3438 903 3503 Tuae
931 3430 1175 3500 existimationi

135 3529 373 3622 satisfacerem,
395 3544 490 3607 cuius
514 3550 548 3605 et
572 3542 781 3626 praeclaram
803 3534 1177 3620 instudiis1antiquita-

139 3631 184 3698 tis
201 3635 454 3727 intelligentiam
485 3639 683 3717 admirarer,
703 3653 738 3706 et
757 3663 926 3708 summam
947 3659 1026 3724 erga
1041 3658 1097 3700 me
1116 3635 1178 3699 be-

137 3738 364 3809 nevolentiam
385 3756 477 3828 grato
489 3764 713 3834 prosequerer
726 3742 852 3810 animo.
897 3744 990 3817 Vale,
1012 3737 1067 3803 vir
1087 3738 1177 3826 opti-

136 3853 194 3900 me
217 3842 496 3933 etintegsrrimo,
518 3868 641 3935 meque
654 3843 920 3945 amantissimum
934 3844 1003 3912 Tui
1026 3853 1061 3906 et
1073 3840 1178 3906 fuisse

139 3969 273 4037 semper
295 3948 464 4017 meumes
486 3949 590 4016 velim
607 3962 640 4017 st
654 3949 808 4019 futurum
825 3972 895 4016 esse
909 3944 1067 4015 confidas.

223 4082 329 4183 boib.
351 4082 591 4172 Gottingae
612 4086 644 4153 d.
666 4086 710 4155 X.
733 4085 804 4154 Cal.
825 4085 919 4176 Sept.
942 4081 1174 4155 ololococxv.

509 4258 798 4285 d--u--s-n
