<?xml version="1.0" encoding="UTF-8"?>
<!DOCTYPE html PUBLIC "-//W3C//DTD XHTML 1.0 Transitional//EN"
    "http://www.w3.org/TR/xhtml1/DTD/xhtml1-transitional.dtd">
<html xmlns="http://www.w3.org/1999/xhtml" xml:lang="en" lang="en">
 <head>
  <title>
</title>
<meta http-equiv="Content-Type" content="text/html;charset=utf-8" />
  <meta name='ocr-system' content='tesseract 3.04.00' />
  <meta name='ocr-capabilities' content='ocr_page ocr_carea ocr_par ocr_line ocrx_word'/>
</head>
<body>
  <div class='ocr_page' id='page_1' title='image "./pvirgiliimaroni07marogoog/pvirgiliimaroni07marogoog_0017.png"; bbox 0 0 2422 5084; ppageno 0'>
   <div class='ocr_carea' id='block_1_1' title="bbox 1045 313 1101 361">
    <p class='ocr_par' dir='ltr' id='par_1_1' title="bbox 1045 313 1101 361">
     <span class='ocr_line' id='line_1_1' title="bbox 1045 313 1101 361; baseline 0.018 -1"><span class='ocrx_word' id='word_1_1' title='bbox 1045 313 1101 361; x_wconf 79' lang='lat' dir='ltr'><strong>Xi-</strong></span> 
     </span>
    </p>
   </div>
   <div class='ocr_carea' id='block_1_2' title="bbox 42 425 1135 953">
    <p class='ocr_par' dir='ltr' id='par_1_2' title="bbox 42 425 1135 953">
     <span class='ocr_line' id='line_1_2' title="bbox 45 425 1085 539; baseline 0.002 -18"><span class='ocrx_word' id='word_1_2' title='bbox 45 453 217 522; x_wconf 66' lang='lat' dir='ltr'><strong>affirmm</strong></span> <span class='ocrx_word' id='word_1_3' title='bbox 241 454 370 522; x_wconf 65' lang='lat' dir='ltr'><strong>videor.</strong></span> <span class='ocrx_word' id='word_1_4' title='bbox 412 452 531 539; x_wconf 68' lang='lat' dir='ltr'><strong>neque</strong></span> <span class='ocrx_word' id='word_1_5' title='bbox 549 451 624 520; x_wconf 68' lang='lat' dir='ltr'><strong>soii</strong></span> <span class='ocrx_word' id='word_1_6' title='bbox 644 452 751 521; x_wconf 71' lang='lat' dir='ltr'><strong>rora</strong></span> <span class='ocrx_word' id='word_1_7' title='bbox 775 425 875 522; x_wconf 65' lang='lat' dir='ltr'><strong>usim</strong></span> <span class='ocrx_word' id='word_1_8' title='bbox 897 432 1027 521; x_wconf 70' lang='lat' dir='ltr'><strong>arcina</strong></span> <span class='ocrx_word' id='word_1_9' title='bbox 1054 459 1085 537; x_wconf 88' lang='lat' dir='ltr'><strong>t,</strong></span> 
     </span>
     <span class='ocr_line' id='line_1_3' title="bbox 42 552 1086 647; baseline -0.002 -20"><span class='ocrx_word' id='word_1_10' title='bbox 42 566 95 639; x_wconf 77' lang='lat'><strong>93,</strong></span> <span class='ocrx_word' id='word_1_11' title='bbox 117 568 169 628; x_wconf 79' lang='lat'><strong>94.</strong></span> <span class='ocrx_word' id='word_1_12' title='bbox 220 555 291 622; x_wconf 84' lang='lat' dir='ltr'><strong>Hic</strong></span> <span class='ocrx_word' id='word_1_13' title='bbox 311 555 405 623; x_wconf 67' lang='lat' dir='ltr'><strong>crine</strong></span> <span class='ocrx_word' id='word_1_14' title='bbox 422 553 544 647; x_wconf 82' lang='lat' dir='ltr'><strong>effuso,</strong></span> <span class='ocrx_word' id='word_1_15' title='bbox 564 567 664 641; x_wconf 84' lang='lat' dir='ltr'><strong>atquo</strong></span> <span class='ocrx_word' id='word_1_16' title='bbox 682 552 855 624; x_wconf 64' lang='lat' dir='ltr'><strong>Hennaeae</strong></span> <span class='ocrx_word' id='word_1_17' title='bbox 868 560 1012 625; x_wconf 81' lang='lat' dir='ltr'><strong>numina</strong></span> <span class='ocrx_word' id='word_1_18' title='bbox 1029 560 1086 625; x_wconf 72' lang='grc' dir='ltr'><strong>(Ιὶ-</strong></span> 
     </span>
     <span class='ocr_line' id='line_1_4' title="bbox 44 659 1088 751; baseline 0.003 -25"><span class='ocrx_word' id='word_1_19' title='bbox 44 684 108 730; x_wconf 78' lang='lat' dir='ltr'><strong>voe</strong></span> <span class='ocrx_word' id='word_1_20' title='bbox 122 662 237 747; x_wconf 77' lang='lat' dir='ltr'><strong>Atque</strong></span> <span class='ocrx_word' id='word_1_21' title='bbox 253 659 459 729; x_wconf 76' lang='lat' dir='ltr'><strong><em>Acheronta</em></strong></span> <span class='ocrx_word' id='word_1_22' title='bbox 475 662 576 726; x_wconf 84' lang='lat' dir='ltr'><strong>vocat</strong></span> <span class='ocrx_word' id='word_1_23' title='bbox 589 672 634 710; x_wconf 84' lang='grc'><strong>-·</strong></span> <span class='ocrx_word' id='word_1_24' title='bbox 650 659 823 727; x_wconf 78' lang='lat' dir='ltr'><strong>sacerdos.</strong></span> <span class='ocrx_word' id='word_1_25' title='bbox 866 662 1007 751; x_wconf 78' lang='lat' dir='ltr'>Virgilio</span> <span class='ocrx_word' id='word_1_26' title='bbox 1024 664 1088 729; x_wconf 87' lang='lat' dir='ltr'><strong>ad-</strong></span> 
     </span>
     <span class='ocr_line' id='line_1_5' title="bbox 46 762 1135 851; baseline 0.001 -18"><span class='ocrx_word' id='word_1_27' title='bbox 46 763 259 833; x_wconf 69' lang='lat' dir='ltr'><strong>movendum</strong></span> <span class='ocrx_word' id='word_1_28' title='bbox 277 784 497 831; x_wconf 74' lang='lat' dir='ltr'><strong>cccccccccc.</strong></span> <span class='ocrx_word' id='word_1_29' title='bbox 542 762 595 828; x_wconf 86' lang='lat' dir='ltr'><strong>En</strong></span> <span class='ocrx_word' id='word_1_30' title='bbox 623 762 770 851; x_wconf 79' lang='lat' dir='ltr'>primam</span> <span class='ocrx_word' id='word_1_31' title='bbox 791 788 927 833; x_wconf 85' lang='lat' dir='ltr'><strong>canaam</strong></span> <span class='ocrx_word' id='word_1_32' title='bbox 950 766 1087 833; x_wconf 82' lang='lat' dir='ltr'><strong>dubita-</strong></span> <span class='ocrx_word' id='word_1_33' title='bbox 1119 784 1135 818; x_wconf 62' lang='lat'>⁸</span> 
     </span>
     <span class='ocr_line' id='line_1_6' title="bbox 48 862 1089 953; baseline 0.01 -22"><span class='ocrx_word' id='word_1_34' title='bbox 48 866 172 947; x_wconf 85' lang='lat' dir='ltr'><strong>tionis,</strong></span> <span class='ocrx_word' id='word_1_35' title='bbox 208 866 402 953; x_wconf 70' lang='lat' dir='ltr'>vulgatione</span> <span class='ocrx_word' id='word_1_36' title='bbox 424 862 595 930; x_wconf 84' lang='lat' dir='ltr'><strong>distinctio</strong></span> <span class='ocrx_word' id='word_1_37' title='bbox 616 862 687 929; x_wconf 83' lang='lat' dir='ltr'><strong>loco</strong></span> <span class='ocrx_word' id='word_1_38' title='bbox 707 864 768 931; x_wconf 87' lang='lat' dir='ltr'><strong>Ge.</strong></span> <span class='ocrx_word' id='word_1_39' title='bbox 791 862 856 949; x_wconf 89' lang='grc' dir='ltr'><strong>ΙΙΙ,</strong></span> <span class='ocrx_word' id='word_1_40' title='bbox 891 876 966 939; x_wconf 75' lang='lat'><strong>257.</strong></span> <span class='ocrx_word' id='word_1_41' title='bbox 989 871 1089 941; x_wconf 86' lang='lat' dir='ltr'><strong>adhi-</strong></span> 
     </span>
    </p>
   </div>
   <div class='ocr_carea' id='block_1_3' title="bbox 13 965 1182 1574">
    <p class='ocr_par' dir='ltr' id='par_1_3' title="bbox 49 965 1090 1056">
     <span class='ocr_line' id='line_1_7' title="bbox 49 965 1090 1056; baseline 0.007 -21"><span class='ocrx_word' id='word_1_42' title='bbox 49 970 229 1035; x_wconf 84' lang='lat' dir='ltr'><strong>bendasit.</strong></span> <span class='ocrx_word' id='word_1_43' title='bbox 272 971 385 1035; x_wconf 81' lang='lat' dir='ltr'><strong>Altera</strong></span> <span class='ocrx_word' id='word_1_44' title='bbox 403 968 557 1035; x_wconf 82' lang='lat' dir='ltr'><strong>haccest.</strong></span> <span class='ocrx_word' id='word_1_45' title='bbox 600 965 975 1056; x_wconf 80' lang='lat' dir='ltr'><strong>Nonfacilequisquam</strong></span> <span class='ocrx_word' id='word_1_46' title='bbox 989 996 1090 1041; x_wconf 86' lang='lat' dir='ltr'><strong>mon·</strong></span> 
     </span>
    </p>

    <p class='ocr_par' dir='ltr' id='par_1_4' title="bbox 13 1064 1182 1574">
     <span class='ocr_line' id='line_1_8' title="bbox 13 1064 1091 1165; baseline 0.001 -28"><span class='ocrx_word' id='word_1_47' title='bbox 13 1068 18 1083; x_wconf 83' lang='lat'>&#39;</span> <span class='ocrx_word' id='word_1_48' title='bbox 47 1072 188 1155; x_wconf 63' lang='lat' dir='ltr'><strong>cimbia,</strong></span> <span class='ocrx_word' id='word_1_49' title='bbox 211 1071 347 1138; x_wconf 84' lang='lat' dir='ltr'><strong>Latinos</strong></span> <span class='ocrx_word' id='word_1_50' title='bbox 366 1070 471 1136; x_wconf 85' lang='lat' dir='ltr'><strong>verba</strong></span> <span class='ocrx_word' id='word_1_51' title='bbox 489 1069 571 1135; x_wconf 74' lang='lat' dir='ltr'><strong>hinc</strong></span> <span class='ocrx_word' id='word_1_52' title='bbox 593 1068 675 1133; x_wconf 74' lang='lat' dir='ltr'><strong>hinc</strong></span> <span class='ocrx_word' id='word_1_53' title='bbox 693 1072 747 1137; x_wconf 77' lang='lat' dir='ltr'><strong>vel</strong></span> <span class='ocrx_word' id='word_1_54' title='bbox 763 1072 847 1165; x_wconf 59' lang='lat' dir='ltr'><strong>irinc</strong></span> <span class='ocrx_word' id='word_1_55' title='bbox 860 1074 960 1141; x_wconf 85' lang='lat' dir='ltr'><strong>illinc</strong></span> <span class='ocrx_word' id='word_1_56' title='bbox 980 1064 1091 1165; x_wconf 45' lang='lat' dir='ltr'><strong>parti*-</strong></span> 
     </span>
     <span class='ocr_line' id='line_1_9' title="bbox 51 1173 1094 1269; baseline 0.003 -30"><span class='ocrx_word' id='word_1_57' title='bbox 51 1174 136 1240; x_wconf 83' lang='lat' dir='ltr'><strong>calis</strong></span> <span class='ocrx_word' id='word_1_58' title='bbox 159 1173 374 1251; x_wconf 74' lang='lat' dir='ltr'><strong>disjunctivis</strong></span> <span class='ocrx_word' id='word_1_59' title='bbox 395 1186 431 1239; x_wconf 83' lang='lat' dir='ltr'><strong>et</strong></span> <span class='ocrx_word' id='word_1_60' title='bbox 452 1211 492 1226; x_wconf 93' lang='lat'>-</span> <span class='ocrx_word' id='word_1_61' title='bbox 516 1185 551 1238; x_wconf 85' lang='lat' dir='ltr'><strong>et</strong></span> <span class='ocrx_word' id='word_1_62' title='bbox 572 1191 757 1257; x_wconf 64' lang='lat' dir='ltr'><strong>separarem</strong></span> <span class='ocrx_word' id='word_1_63' title='bbox 786 1186 849 1263; x_wconf 81' lang='lat' dir='ltr'><strong>rgo&#39;</strong></span> <span class='ocrx_word' id='word_1_64' title='bbox 871 1178 1017 1269; x_wconf 85' lang='lat' dir='ltr'><strong>quidem¹</strong></span> <span class='ocrx_word' id='word_1_65' title='bbox 1034 1180 1094 1247; x_wconf 80' lang='lat' dir='ltr'><strong>iila</strong></span> 
     </span>
     <span class='ocr_line' id='line_1_10' title="bbox 52 1275 1087 1369; baseline 0.005 -28"><span class='ocrx_word' id='word_1_66' title='bbox 52 1298 186 1366; x_wconf 79' lang='lat' dir='ltr'><strong>semper</strong></span> <span class='ocrx_word' id='word_1_67' title='bbox 201 1276 437 1349; x_wconf 85' lang='lat' dir='ltr'><strong>coniunctione</strong></span> <span class='ocrx_word' id='word_1_68' title='bbox 450 1275 561 1364; x_wconf 87' lang='lat' dir='ltr'><strong>aliqua</strong></span> <span class='ocrx_word' id='word_1_69' title='bbox 578 1285 615 1342; x_wconf 83' lang='lat' dir='ltr'><strong>at</strong></span> <span class='ocrx_word' id='word_1_70' title='bbox 631 1276 686 1340; x_wconf 86' lang='lat' dir='ltr'><strong>vel</strong></span> <span class='ocrx_word' id='word_1_71' title='bbox 703 1286 803 1365; x_wconf 77' lang='lat' dir='ltr'><strong>atque</strong></span> <span class='ocrx_word' id='word_1_72' title='bbox 818 1281 973 1369; x_wconf 85' lang='lat' dir='ltr'><strong>copulata</strong></span> <span class='ocrx_word' id='word_1_73' title='bbox 993 1282 1087 1359; x_wconf 78' lang='lat' dir='ltr'><strong>vidi;</strong></span> 
     </span>
     <span class='ocr_line' id='line_1_11' title="bbox 54 1378 1182 1475; baseline 0.004 -30"><span class='ocrx_word' id='word_1_74' title='bbox 54 1391 95 1449; x_wconf 78' lang='lat' dir='ltr'><strong>nt</strong></span> <span class='ocrx_word' id='word_1_75' title='bbox 111 1379 199 1445; x_wconf 81' lang='lat' dir='ltr'><strong>Aen.</strong></span> <span class='ocrx_word' id='word_1_76' title='bbox 221 1381 255 1454; x_wconf 83' lang='lat' dir='ltr'><strong>I,</strong></span> <span class='ocrx_word' id='word_1_77' title='bbox 282 1388 363 1459; x_wconf 78' lang='lat' dir='ltr'><strong>toa,</strong></span> <span class='ocrx_word' id='word_1_78' title='bbox 383 1389 457 1458; x_wconf 69' lang='lat'><strong>500.</strong></span> <span class='ocrx_word' id='word_1_79' title='bbox 481 1380 680 1469; x_wconf 71' lang='lat' dir='ltr'><strong>dicentque</strong></span> <span class='ocrx_word' id='word_1_80' title='bbox 697 1378 786 1475; x_wconf 69' lang='lat' dir='ltr'><strong>hinc.</strong></span> <span class='ocrx_word' id='word_1_81' title='bbox 812 1381 868 1447; x_wconf 86' lang='lat' dir='ltr'><strong>&#39;In</strong></span> <span class='ocrx_word' id='word_1_82' title='bbox 898 1404 971 1447; x_wconf 84' lang='lat' dir='ltr'><strong>eam</strong></span> <span class='ocrx_word' id='word_1_83' title='bbox 987 1384 1094 1467; x_wconf 81' lang='lat' dir='ltr'><strong>igitur</strong></span> <span class='ocrx_word' id='word_1_84' title='bbox 1177 1443 1182 1455; x_wconf 86' lang='lat'><strong>.</strong></span> 
     </span>
     <span class='ocr_line' id='line_1_12' title="bbox 54 1480 1095 1574; baseline 0.005 -27"><span class='ocrx_word' id='word_1_85' title='bbox 54 1504 110 1547; x_wconf 87' lang='lat' dir='ltr'><strong>mo</strong></span> <span class='ocrx_word' id='word_1_86' title='bbox 122 1495 256 1570; x_wconf 82' lang='lat' dir='ltr'><strong>partem</strong></span> <span class='ocrx_word' id='word_1_87' title='bbox 271 1484 458 1572; x_wconf 79' lang='lat' dir='ltr'><strong>proclivem</strong></span> <span class='ocrx_word' id='word_1_88' title='bbox 473 1506 543 1548; x_wconf 84' lang='lat' dir='ltr'><strong>esse</strong></span> <span class='ocrx_word' id='word_1_89' title='bbox 561 1481 728 1558; x_wconf 75' lang='lat' dir='ltr'><strong>fateor,ut</strong></span> <span class='ocrx_word' id='word_1_90' title='bbox 744 1480 984 1551; x_wconf 64' lang='lat' dir='ltr'><strong>distinctionem</strong></span> <span class='ocrx_word' id='word_1_91' title='bbox 1002 1508 1095 1574; x_wconf 85' lang='lat' dir='ltr'><strong>prae·</strong></span> 
     </span>
    </p>
   </div>
   <div class='ocr_carea' id='block_1_4' title="bbox 47 1576 1174 4241">
    <p class='ocr_par' dir='ltr' id='par_1_5' title="bbox 47 1576 1174 1881">
     <span class='ocr_line' id='line_1_13' title="bbox 50 1576 1174 1674; baseline 0.005 -26"><span class='ocrx_word' id='word_1_92' title='bbox 50 1583 180 1657; x_wconf 78' lang='lat' dir='ltr'><strong>ieram:</strong></span> <span class='ocrx_word' id='word_1_93' title='bbox 197 1584 313 1674; x_wconf 71' lang='lat' dir='ltr'><strong>fricat</strong></span> <span class='ocrx_word' id='word_1_94' title='bbox 327 1584 450 1651; x_wconf 76' lang='lat' dir='ltr'><strong>arbore</strong></span> <span class='ocrx_word' id='word_1_95' title='bbox 470 1595 602 1668; x_wconf 79' lang='lat' dir='ltr'><strong>coctas,</strong></span> <span class='ocrx_word' id='word_1_96' title='bbox 623 1585 741 1673; x_wconf 77' lang='lat' dir='ltr'><strong>Atque</strong></span> <span class='ocrx_word' id='word_1_97' title='bbox 763 1582 846 1671; x_wconf 74' lang='lat' dir='ltr'><strong>hinc</strong></span> <span class='ocrx_word' id='word_1_98' title='bbox 867 1596 969 1674; x_wconf 79' lang='lat' dir='ltr'><strong>atquc</strong></span> <span class='ocrx_word' id='word_1_99' title='bbox 993 1586 1092 1655; x_wconf 82' lang='lat' dir='ltr'><strong>illinc</strong></span> <span class='ocrx_word' id='word_1_100' title='bbox 1169 1576 1174 1581; x_wconf 51' lang='grc'><em>’</em></span> 
     </span>
     <span class='ocr_line' id='line_1_14' title="bbox 50 1686 1096 1781; baseline 0.003 -28"><span class='ocrx_word' id='word_1_101' title='bbox 50 1686 215 1755; x_wconf 78' lang='lat' dir='ltr'><strong>humeros</strong></span> <span class='ocrx_word' id='word_1_102' title='bbox 235 1686 284 1751; x_wconf 84' lang='lat' dir='ltr'><strong>nd</strong></span> <span class='ocrx_word' id='word_1_103' title='bbox 309 1686 455 1754; x_wconf 80' lang='lat' dir='ltr'><strong>volnera</strong></span> <span class='ocrx_word' id='word_1_104' title='bbox 478 1687 603 1769; x_wconf 75' lang='lat' dir='ltr'><strong>durat,</strong></span> <span class='ocrx_word' id='word_1_105' title='bbox 639 1710 725 1770; x_wconf 74' lang='lat' dir='ltr'><strong>qraac</strong></span> <span class='ocrx_word' id='word_1_106' title='bbox 751 1686 786 1781; x_wconf 84' lang='lat' dir='ltr'><strong>in</strong></span> <span class='ocrx_word' id='word_1_107' title='bbox 809 1686 999 1755; x_wconf 80' lang='lat' dir='ltr'><strong>Heinsiania&#39;</strong></span> <span class='ocrx_word' id='word_1_108' title='bbox 1023 1690 1096 1755; x_wconf 85' lang='lat' dir='ltr'><strong>edi·</strong></span> 
     </span>
     <span class='ocr_line' id='line_1_15' title="bbox 47 1788 1097 1881; baseline 0.002 -26"><span class='ocrx_word' id='word_1_109' title='bbox 47 1788 200 1855; x_wconf 81' lang='lat' dir='ltr'><strong>tionibus</strong></span> <span class='ocrx_word' id='word_1_110' title='bbox 213 1811 267 1856; x_wconf 90' lang='lat' dir='ltr'><strong>an.</strong></span> <span class='ocrx_word' id='word_1_111' title='bbox 289 1796 383 1868; x_wconf 83' lang='grc'><strong>1676,</strong></span> <span class='ocrx_word' id='word_1_112' title='bbox 407 1796 499 1858; x_wconf 80' lang='grc'><strong>1684.</strong></span> <span class='ocrx_word' id='word_1_113' title='bbox 515 1801 669 1856; x_wconf 81' lang='lat' dir='ltr'><strong>exstat·-</strong></span> <span class='ocrx_word' id='word_1_114' title='bbox 680 1792 720 1853; x_wconf 88' lang='lat' dir='ltr'><strong>in</strong></span> <span class='ocrx_word' id='word_1_115' title='bbox 735 1790 988 1856; x_wconf 83' lang='lat' dir='ltr'><strong>Burmannisua</strong></span> <span class='ocrx_word' id='word_1_116' title='bbox 1005 1790 1097 1881; x_wconf 76' lang='lat' dir='ltr'><strong>enim</strong></span> 
     </span>
    </p>

    <p class='ocr_par' dir='ltr' id='par_1_6' title="bbox 53 1890 1097 1981">
     <span class='ocr_line' id='line_1_16' title="bbox 53 1890 1097 1981; baseline 0.003 -24"><span class='ocrx_word' id='word_1_117' title='bbox 53 1890 102 1957; x_wconf 87' lang='lat' dir='ltr'><strong>ita</strong></span> <span class='ocrx_word' id='word_1_118' title='bbox 120 1912 320 1978; x_wconf 78' lang='lat' dir='ltr'><strong>expressum</strong></span> <span class='ocrx_word' id='word_1_119' title='bbox 347 1901 379 1955; x_wconf 87' lang='lat' dir='ltr'><strong>et</strong></span> <span class='ocrx_word' id='word_1_120' title='bbox 398 1892 574 1957; x_wconf 82' lang='lat' dir='ltr'><strong>iunctum:</strong></span> <span class='ocrx_word' id='word_1_121' title='bbox 591 1890 708 1981; x_wconf 77' lang='lat' dir='ltr'><strong>fricat</strong></span> <span class='ocrx_word' id='word_1_122' title='bbox 728 1928 770 1942; x_wconf 93' lang='lat'><em>-</em></span> <span class='ocrx_word' id='word_1_123' title='bbox 793 1890 914 1969; x_wconf 85' lang='lat' dir='ltr'><strong>illinc,</strong></span> <span class='ocrx_word' id='word_1_124' title='bbox 936 1893 1097 1961; x_wconf 79' lang='lat' dir='ltr'><strong>Ir-unreroa</strong></span> 
     </span>
    </p>

    <p class='ocr_par' dir='ltr' id='par_1_7' title="bbox 55 1992 1100 2483">
     <span class='ocr_line' id='line_1_17' title="bbox 55 1992 1100 2082; baseline 0.006 -25"><span class='ocrx_word' id='word_1_125' title='bbox 55 1992 104 2059; x_wconf 80' lang='lat' dir='ltr'><strong>od</strong></span> <span class='ocrx_word' id='word_1_126' title='bbox 133 1994 278 2059; x_wconf 73' lang='lat' dir='ltr'><strong>volnera</strong></span> <span class='ocrx_word' id='word_1_127' title='bbox 301 1992 417 2057; x_wconf 80' lang='lat' dir='ltr'><strong>durat.</strong></span> <span class='ocrx_word' id='word_1_128' title='bbox 448 2030 492 2042; x_wconf 88' lang='lat'><em>-</em></span> <span class='ocrx_word' id='word_1_129' title='bbox 521 1993 606 2059; x_wconf 86' lang='lat' dir='ltr'><strong>Nam</strong></span> <span class='ocrx_word' id='word_1_130' title='bbox 635 1993 730 2058; x_wconf 84' lang='lat' dir='ltr'><strong>notio</strong></span> <span class='ocrx_word' id='word_1_131' title='bbox 751 1993 834 2058; x_wconf 80' lang='lat' dir='ltr'><strong>hinc</strong></span> <span class='ocrx_word' id='word_1_132' title='bbox 862 2002 965 2082; x_wconf 82' lang='lat' dir='ltr'><strong>atqua</strong></span> <span class='ocrx_word' id='word_1_133' title='bbox 999 1996 1100 2063; x_wconf 80' lang='lat' dir='ltr'><strong>illinc</strong></span> 
     </span>
     <span class='ocr_line' id='line_1_18' title="bbox 57 2094 1098 2182; baseline 0.008 -25"><span class='ocrx_word' id='word_1_134' title='bbox 57 2097 174 2163; x_wconf 64' lang='lat' dir='ltr'><strong>serbis</strong></span> <span class='ocrx_word' id='word_1_135' title='bbox 191 2094 292 2162; x_wconf 86' lang='lat' dir='ltr'><strong>etiam</strong></span> <span class='ocrx_word' id='word_1_136' title='bbox 306 2096 468 2161; x_wconf 76' lang='lat' dir='ltr'><strong>humeros</strong></span> <span class='ocrx_word' id='word_1_137' title='bbox 482 2095 588 2160; x_wconf 79' lang='lat' dir='ltr'><strong>durat</strong></span> <span class='ocrx_word' id='word_1_138' title='bbox 605 2094 781 2180; x_wconf 79' lang='lat' dir='ltr'><strong>congruit3</strong></span> <span class='ocrx_word' id='word_1_139' title='bbox 802 2107 904 2182; x_wconf 88' lang='lat' dir='ltr'><strong>atque</strong></span> <span class='ocrx_word' id='word_1_140' title='bbox 919 2096 1098 2165; x_wconf 78' lang='lat' dir='ltr'><strong>tectionem</strong></span> 
     </span>
     <span class='ocr_line' id='line_1_19' title="bbox 56 2196 1097 2288; baseline 0.004 -25"><span class='ocrx_word' id='word_1_141' title='bbox 56 2200 220 2273; x_wconf 71' lang='lat' dir='ltr'><strong>hrmreros</strong></span> <span class='ocrx_word' id='word_1_142' title='bbox 233 2197 305 2264; x_wconf 86' lang='lat' dir='ltr'><strong>aine</strong></span> <span class='ocrx_word' id='word_1_143' title='bbox 322 2199 487 2288; x_wconf 83' lang='lat' dir='ltr'><strong>particula</strong></span> <span class='ocrx_word' id='word_1_144' title='bbox 504 2220 567 2287; x_wconf 83' lang='lat' dir='ltr'><strong>que</strong></span> <span class='ocrx_word' id='word_1_145' title='bbox 583 2219 660 2262; x_wconf 88' lang='lat' dir='ltr'><strong>cum</strong></span> <span class='ocrx_word' id='word_1_146' title='bbox 681 2196 870 2263; x_wconf 79' lang='lat' dir='ltr'><strong>sliis&#39;hsbet</strong></span> <span class='ocrx_word' id='word_1_147' title='bbox 890 2196 1001 2264; x_wconf 84' lang='lat' dir='ltr'><strong>codex</strong></span> <span class='ocrx_word' id='word_1_148' title='bbox 1020 2200 1097 2267; x_wconf 75' lang='lat' dir='ltr'><strong>Me-</strong></span> 
     </span>
     <span class='ocr_line' id='line_1_20' title="bbox 59 2299 1099 2383; baseline 0.002 -18"><span class='ocrx_word' id='word_1_149' title='bbox 59 2302 193 2383; x_wconf 75' lang='lat' dir='ltr'><strong>dicam,</strong></span> <span class='ocrx_word' id='word_1_150' title='bbox 215 2302 258 2367; x_wconf 84' lang='lat' dir='ltr'><strong>da</strong></span> <span class='ocrx_word' id='word_1_151' title='bbox 272 2301 367 2367; x_wconf 87' lang='lat' dir='ltr'><strong>cuius</strong></span> <span class='ocrx_word' id='word_1_152' title='bbox 385 2312 552 2367; x_wconf 82' lang='lat' dir='ltr'><strong>vetustate</strong></span> <span class='ocrx_word' id='word_1_153' title='bbox 569 2313 602 2364; x_wconf 82' lang='lat' dir='ltr'><strong>et</strong></span> <span class='ocrx_word' id='word_1_154' title='bbox 614 2300 815 2365; x_wconf 79' lang='lat' dir='ltr'><strong>auctoritato</strong></span> <span class='ocrx_word' id='word_1_155' title='bbox 827 2299 917 2365; x_wconf 83' lang='lat' dir='ltr'><strong>inter</strong></span> <span class='ocrx_word' id='word_1_156' title='bbox 929 2302 1020 2367; x_wconf 81' lang='lat' dir='ltr'><strong>viros</strong></span> <span class='ocrx_word' id='word_1_157' title='bbox 1035 2302 1099 2367; x_wconf 88' lang='lat' dir='ltr'><strong>do·</strong></span> 
     </span>
     <span class='ocr_line' id='line_1_21' title="bbox 55 2405 385 2483; baseline 0.006 -16"><span class='ocrx_word' id='word_1_158' title='bbox 55 2414 129 2483; x_wconf 81' lang='lat' dir='ltr'><strong>ctos</strong></span> <span class='ocrx_word' id='word_1_159' title='bbox 146 2405 227 2470; x_wconf 83' lang='lat' dir='ltr'><strong>satia</strong></span> <span class='ocrx_word' id='word_1_160' title='bbox 247 2414 385 2470; x_wconf 80' lang='lat' dir='ltr'><strong>constat.</strong></span> 
     </span>
    </p>

    <p class='ocr_par' dir='ltr' id='par_1_8' title="bbox 61 2494 1162 4241">
     <span class='ocr_line' id='line_1_22' title="bbox 143 2494 1100 2595; baseline -0.002 -22"><span class='ocrx_word' id='word_1_161' title='bbox 143 2508 247 2573; x_wconf 84' lang='lat' dir='ltr'><strong>Recte</strong></span> <span class='ocrx_word' id='word_1_162' title='bbox 259 2520 371 2573; x_wconf 82' lang='lat' dir='ltr'><strong>autem</strong></span> <span class='ocrx_word' id='word_1_163' title='bbox 386 2505 559 2595; x_wconf 83' lang='lat' dir='ltr'><strong>Heynius,</strong></span> <span class='ocrx_word' id='word_1_164' title='bbox 582 2526 686 2590; x_wconf 88' lang='lat' dir='ltr'><strong>quum</strong></span> <span class='ocrx_word' id='word_1_165' title='bbox 702 2503 770 2570; x_wconf 87' lang='lat' dir='ltr'><strong>duo</strong></span> <span class='ocrx_word' id='word_1_166' title='bbox 786 2494 1006 2571; x_wconf 80' lang='lat' dir='ltr'><strong>essent&#39;velct</strong></span> <span class='ocrx_word' id='word_1_167' title='bbox 1021 2504 1100 2572; x_wconf 84' lang='lat' dir='ltr'><strong>fon·</strong></span> 
     </span>
     <span class='ocr_line' id='line_1_23' title="bbox 62 2606 1099 2695; baseline 0.001 -22"><span class='ocrx_word' id='word_1_168' title='bbox 62 2622 110 2675; x_wconf 84' lang='lat' dir='ltr'><strong>tes</strong></span> <span class='ocrx_word' id='word_1_169' title='bbox 124 2621 239 2675; x_wconf 80' lang='lat' dir='ltr'><strong>textus</strong></span> <span class='ocrx_word' id='word_1_170' title='bbox 252 2608 429 2695; x_wconf 86' lang='lat' dir='ltr'><strong>Virgiliaui</strong></span> <span class='ocrx_word' id='word_1_171' title='bbox 443 2607 682 2687; x_wconf 81' lang='lat' dir='ltr'><strong>constituendi,</strong></span> <span class='ocrx_word' id='word_1_172' title='bbox 705 2607 787 2675; x_wconf 82' lang='lat' dir='ltr'><strong>alter</strong></span> <span class='ocrx_word' id='word_1_173' title='bbox 800 2606 888 2675; x_wconf 84' lang='lat' dir='ltr'><strong>iiber</strong></span> <span class='ocrx_word' id='word_1_174' title='bbox 909 2606 1099 2682; x_wconf 84' lang='lat' dir='ltr'><strong>Mediceus,</strong></span> 
     </span>
     <span class='ocr_line' id='line_1_24' title="bbox 61 2708 1101 2796; baseline 0 -20"><span class='ocrx_word' id='word_1_175' title='bbox 61 2714 146 2778; x_wconf 80' lang='lat' dir='ltr'><strong>alter</strong></span> <span class='ocrx_word' id='word_1_176' title='bbox 169 2713 351 2778; x_wconf 75' lang='lat' dir='ltr'><strong>Vaticanus</strong></span> <span class='ocrx_word' id='word_1_177' title='bbox 369 2712 412 2778; x_wconf 90' lang='lat'><strong>11.</strong></span> <span class='ocrx_word' id='word_1_178' title='bbox 435 2711 508 2776; x_wconf 84' lang='lat' dir='ltr'><strong>sive</strong></span> <span class='ocrx_word' id='word_1_179' title='bbox 525 2711 714 2790; x_wconf 79' lang='lat' dir='ltr'><strong>Romanus,</strong></span> <span class='ocrx_word' id='word_1_180' title='bbox 738 2730 911 2796; x_wconf 86' lang='lat' dir='ltr'><strong>quumque</strong></span> <span class='ocrx_word' id='word_1_181' title='bbox 932 2708 1001 2789; x_wconf 72' lang='lat' dir='ltr'><strong>int,</strong></span> <span class='ocrx_word' id='word_1_182' title='bbox 1025 2732 1101 2776; x_wconf 89' lang='lat' dir='ltr'><strong>ma-</strong></span> 
     </span>
     <span class='ocr_line' id='line_1_25' title="bbox 64 2810 1101 2902; baseline 0.002 -26"><span class='ocrx_word' id='word_1_183' title='bbox 64 2835 214 2900; x_wconf 72' lang='lat' dir='ltr'><strong>gnopere</strong></span> <span class='ocrx_word' id='word_1_184' title='bbox 229 2814 291 2879; x_wconf 85' lang='lat' dir='ltr'><strong>sibi</strong></span> <span class='ocrx_word' id='word_1_185' title='bbox 316 2814 558 2902; x_wconf 72' lang='lat' dir='ltr'><strong>discrepantes,</strong></span> <span class='ocrx_word' id='word_1_186' title='bbox 581 2836 676 2879; x_wconf 82' lang='lat' dir='ltr'><strong>suam</strong></span> <span class='ocrx_word' id='word_1_187' title='bbox 699 2814 838 2900; x_wconf 85' lang='lat' dir='ltr'><strong>quisque</strong></span> <span class='ocrx_word' id='word_1_188' title='bbox 854 2810 1019 2877; x_wconf 85' lang='lat' dir='ltr'><strong>ducerent</strong></span> <span class='ocrx_word' id='word_1_189' title='bbox 1041 2832 1101 2878; x_wconf 89' lang='lat' dir='ltr'><strong>oo-</strong></span> 
     </span>
     <span class='ocr_line' id='line_1_26' title="bbox 65 2912 1102 3000; baseline -0.004 -20"><span class='ocrx_word' id='word_1_190' title='bbox 65 2918 178 2983; x_wconf 86' lang='lat' dir='ltr'><strong>dicum</strong></span> <span class='ocrx_word' id='word_1_191' title='bbox 201 2915 389 2997; x_wconf 82' lang='lat' dir='ltr'><strong>familiam,</strong></span> <span class='ocrx_word' id='word_1_192' title='bbox 428 2930 467 2984; x_wconf 87' lang='lat' dir='ltr'><strong>ut</strong></span> <span class='ocrx_word' id='word_1_193' title='bbox 484 2928 666 2983; x_wconf 81' lang='lat' dir='ltr'><strong>contextus</strong></span> <span class='ocrx_word' id='word_1_194' title='bbox 689 2914 856 2989; x_wconf 78' lang='lat' dir='ltr'><strong>Maronis.</strong></span> <span class='ocrx_word' id='word_1_195' title='bbox 888 2914 965 3000; x_wconf 90' lang='lat' dir='ltr'><strong>qni,</strong></span> <span class='ocrx_word' id='word_1_196' title='bbox 995 2912 1102 2999; x_wconf 85' lang='lat' dir='ltr'><strong>qualia</strong></span> 
     </span>
     <span class='ocr_line' id='line_1_27' title="bbox 66 3015 1104 3107; baseline -0.004 -23"><span class='ocrx_word' id='word_1_197' title='bbox 66 3041 160 3084; x_wconf 91' lang='lat' dir='ltr'><strong>nunc</strong></span> <span class='ocrx_word' id='word_1_198' title='bbox 177 3032 225 3084; x_wconf 79' lang='lat' dir='ltr'><strong>est</strong></span> <span class='ocrx_word' id='word_1_199' title='bbox 234 3069 246 3099; x_wconf 90' lang='lat'><em>,</em></span> <span class='ocrx_word' id='word_1_200' title='bbox 266 3018 467 3107; x_wconf 87' lang='lat' dir='ltr'><strong>plerumque</strong></span> <span class='ocrx_word' id='word_1_201' title='bbox 486 3020 660 3103; x_wconf 76' lang='lat' dir='ltr'><strong>lectionem</strong></span> <span class='ocrx_word' id='word_1_202' title='bbox 685 3018 916 3106; x_wconf 69' lang='lat' dir='ltr'><strong>Apronianum</strong></span> <span class='ocrx_word' id='word_1_203' title='bbox 936 3038 979 3078; x_wconf 82' lang='lat' dir='ltr'><strong>ex</strong></span> <span class='ocrx_word' id='word_1_204' title='bbox 993 3015 1104 3080; x_wconf 87' lang='lat' dir='ltr'><strong>Medi-</strong></span> 
     </span>
     <span class='ocr_line' id='line_1_28' title="bbox 69 3117 1128 3207; baseline 0.001 -24"><span class='ocrx_word' id='word_1_205' title='bbox 69 3142 129 3184; x_wconf 85' lang='lat' dir='ltr'><strong>ceo</strong></span> <span class='ocrx_word' id='word_1_206' title='bbox 140 3121 339 3203; x_wconf 81' lang='lat' dir='ltr'><strong>exhiberet,</strong></span> <span class='ocrx_word' id='word_1_207' title='bbox 362 3122 424 3189; x_wconf 87' lang='lat' dir='ltr'><strong>sibi</strong></span> <span class='ocrx_word' id='word_1_208' title='bbox 440 3133 623 3201; x_wconf 83' lang='lat' dir='ltr'><strong>constaret,</strong></span> <span class='ocrx_word' id='word_1_209' title='bbox 646 3121 787 3207; x_wconf 76' lang='lat' dir='ltr'><strong>alteram</strong></span> <span class='ocrx_word' id='word_1_210' title='bbox 809 3117 964 3185; x_wconf 85' lang='lat' dir='ltr'><strong>codicum</strong></span> <span class='ocrx_word' id='word_1_211' title='bbox 978 3121 1128 3184; x_wconf 76' lang='lat' dir='ltr'><strong>sectem·“</strong></span> 
     </span>
     <span class='ocr_line' id='line_1_29' title="bbox 69 3217 1162 3305; baseline 0 -19"><span class='ocrx_word' id='word_1_212' title='bbox 69 3224 287 3291; x_wconf 81' lang='lat' dir='ltr'><strong>deserendam</strong></span> <span class='ocrx_word' id='word_1_213' title='bbox 311 3247 398 3305; x_wconf 82' lang='lat' dir='ltr'><strong>esse,</strong></span> <span class='ocrx_word' id='word_1_214' title='bbox 419 3221 456 3287; x_wconf 87' lang='lat' dir='ltr'><strong>in</strong></span> <span class='ocrx_word' id='word_1_215' title='bbox 474 3222 637 3287; x_wconf 84' lang='lat' dir='ltr'><strong>varietate</strong></span> <span class='ocrx_word' id='word_1_216' title='bbox 656 3220 739 3285; x_wconf 76' lang='lat' dir='ltr'><strong>Aen.</strong></span> <span class='ocrx_word' id='word_1_217' title='bbox 769 3219 819 3289; x_wconf 75' lang='lat' dir='ltr'><strong>V,</strong></span> <span class='ocrx_word' id='word_1_218' title='bbox 844 3224 907 3288; x_wconf 78' lang='lat'><strong>¹89·</strong></span> <span class='ocrx_word' id='word_1_219' title='bbox 936 3217 1104 3286; x_wconf 85' lang='lat' dir='ltr'><strong>indicavit·</strong></span> <span class='ocrx_word' id='word_1_220' title='bbox 1159 3228 1162 3233; x_wconf 89' lang='lat'>&#39;</span> 
     </span>
     <span class='ocr_line' id='line_1_30' title="bbox 69 3310 1106 3414; baseline -0.002 -23"><span class='ocrx_word' id='word_1_221' title='bbox 69 3326 186 3413; x_wconf 78' lang='lat' dir='ltr'><strong>ltaque</strong></span> <span class='ocrx_word' id='word_1_222' title='bbox 205 3310 442 3393; x_wconf 38' lang='lat' dir='ltr'><strong>librum&#39;illum</strong></span> <span class='ocrx_word' id='word_1_223' title='bbox 464 3323 652 3412; x_wconf 83' lang='lat' dir='ltr'><strong>complures</strong></span> <span class='ocrx_word' id='word_1_224' title='bbox 668 3319 827 3387; x_wconf 82' lang='lat' dir='ltr'><strong>lectiones</strong></span> <span class='ocrx_word' id='word_1_225' title='bbox 844 3318 947 3388; x_wconf 82' lang='lat' dir='ltr'><strong>bonas</strong></span> <span class='ocrx_word' id='word_1_226' title='bbox 960 3324 1106 3414; x_wconf 83' lang='lat' dir='ltr'><strong>pracbe-</strong></span> 
     </span>
     <span class='ocr_line' id='line_1_31' title="bbox 69 3424 1123 3519; baseline 0.002 -28"><span class='ocrx_word' id='word_1_227' title='bbox 69 3450 126 3501; x_wconf 71' lang='grc' dir='ltr'><strong>τε,</strong></span> <span class='ocrx_word' id='word_1_228' title='bbox 148 3429 265 3516; x_wconf 77' lang='lat' dir='ltr'><strong>dignae</strong></span> <span class='ocrx_word' id='word_1_229' title='bbox 279 3451 367 3519; x_wconf 88' lang='lat' dir='ltr'><strong>quae</strong></span> <span class='ocrx_word' id='word_1_230' title='bbox 384 3427 494 3494; x_wconf 86' lang='lat' dir='ltr'><strong>textui</strong></span> <span class='ocrx_word' id='word_1_231' title='bbox 517 3428 756 3506; x_wconf 72' lang='lat' dir='ltr'><strong>restituantur,</strong></span> <span class='ocrx_word' id='word_1_232' title='bbox 778 3445 856 3491; x_wconf 84' lang='lat' dir='ltr'><strong>cum</strong></span> <span class='ocrx_word' id='word_1_233' title='bbox 876 3424 963 3491; x_wconf 86' lang='lat' dir='ltr'><strong>mihi</strong></span> <span class='ocrx_word' id='word_1_234' title='bbox 983 3439 1018 3495; x_wconf 82' lang='lat' dir='ltr'><strong>et</strong></span> <span class='ocrx_word' id='word_1_235' title='bbox 1039 3426 1123 3493; x_wconf 84' lang='lat' dir='ltr'><strong>va-‘</strong></span> 
     </span>
     <span class='ocr_line' id='line_1_32' title="bbox 71 3527 1107 3619; baseline 0.001 -24"><span class='ocrx_word' id='word_1_236' title='bbox 71 3530 224 3597; x_wconf 87' lang='lat' dir='ltr'><strong>rietatem</strong></span> <span class='ocrx_word' id='word_1_237' title='bbox 241 3530 369 3619; x_wconf 86' lang='lat' dir='ltr'><strong>Heynii</strong></span> <span class='ocrx_word' id='word_1_238' title='bbox 383 3530 494 3597; x_wconf 85' lang='lat' dir='ltr'><strong>studio</strong></span> <span class='ocrx_word' id='word_1_239' title='bbox 507 3542 697 3617; x_wconf 76' lang='lat' dir='ltr'><strong>congestam</strong></span> <span class='ocrx_word' id='word_1_240' title='bbox 718 3527 923 3597; x_wconf 82' lang='lat' dir='ltr'><strong>examinanti</strong></span> <span class='ocrx_word' id='word_1_241' title='bbox 940 3538 975 3593; x_wconf 81' lang='lat' dir='ltr'><strong>ct</strong></span> <span class='ocrx_word' id='word_1_242' title='bbox 993 3530 1107 3617; x_wconf 87' lang='lat' dir='ltr'><strong>ipsum</strong></span> 
     </span>
     <span class='ocr_line' id='line_1_33' title="bbox 74 3631 1109 3733; baseline -0.001 -35"><span class='ocrx_word' id='word_1_243' title='bbox 74 3632 186 3701; x_wconf 89' lang='lat' dir='ltr'><strong>denno</strong></span> <span class='ocrx_word' id='word_1_244' title='bbox 201 3633 421 3722; x_wconf 84' lang='lat' dir='ltr'><strong>comparanti,</strong></span> <span class='ocrx_word' id='word_1_245' title='bbox 435 3633 550 3722; x_wconf 84' lang='lat' dir='ltr'><strong>¹qualis</strong></span> <span class='ocrx_word' id='word_1_246' title='bbox 563 3634 650 3722; x_wconf 83' lang='lat' dir='ltr'><strong>typis</strong></span> <span class='ocrx_word' id='word_1_247' title='bbox 667 3643 717 3697; x_wconf 82' lang='lat' dir='ltr'><strong>est</strong></span> <span class='ocrx_word' id='word_1_248' title='bbox 727 3631 910 3721; x_wconf 85' lang='lat' dir='ltr'><strong>descriptus</strong></span> <span class='ocrx_word' id='word_1_249' title='bbox 925 3654 1005 3699; x_wconf 83' lang='lat' dir='ltr'><strong>cura</strong></span> <span class='ocrx_word' id='word_1_250' title='bbox 1019 3632 1109 3733; x_wconf 76' lang='lat' dir='ltr'><strong>Fog·</strong></span> 
     </span>
     <span class='ocr_line' id='line_1_34' title="bbox 73 3733 1110 3828; baseline 0.001 -26"><span class='ocrx_word' id='word_1_251' title='bbox 73 3737 173 3823; x_wconf 76' lang='lat' dir='ltr'><strong>ginii,</strong></span> <span class='ocrx_word' id='word_1_252' title='bbox 201 3740 281 3804; x_wconf 85' lang='lat' dir='ltr'><strong>satis</strong></span> <span class='ocrx_word' id='word_1_253' title='bbox 302 3739 512 3828; x_wconf 81' lang='lat' dir='ltr'><strong>apparuerit,</strong></span> <span class='ocrx_word' id='word_1_254' title='bbox 535 3737 583 3816; x_wconf 88' lang='lat' dir='ltr'><strong>ei,</strong></span> <span class='ocrx_word' id='word_1_255' title='bbox 614 3736 673 3824; x_wconf 86' lang='lat' dir='ltr'><strong>qui</strong></span> <span class='ocrx_word' id='word_1_256' title='bbox 694 3754 820 3801; x_wconf 83' lang='lat' dir='ltr'><strong>novam·</strong></span> <span class='ocrx_word' id='word_1_257' title='bbox 836 3733 967 3821; x_wconf 80' lang='lat' dir='ltr'><strong>Virgilii</strong></span> <span class='ocrx_word' id='word_1_258' title='bbox 991 3758 1110 3803; x_wconf 81' lang='lat' dir='ltr'><strong>recen·</strong></span> 
     </span>
     <span class='ocr_line' id='line_1_35' title="bbox 74 3838 1111 3933; baseline -0.001 -29"><span class='ocrx_word' id='word_1_259' title='bbox 74 3843 205 3907; x_wconf 87' lang='lat' dir='ltr'><strong>sionem</strong></span> <span class='ocrx_word' id='word_1_260' title='bbox 227 3844 261 3907; x_wconf 89' lang='lat' dir='ltr'><strong>in</strong></span> <span class='ocrx_word' id='word_1_261' title='bbox 285 3866 322 3907; x_wconf 85' lang='lat' dir='ltr'><strong>se</strong></span> <span class='ocrx_word' id='word_1_262' title='bbox 346 3853 558 3933; x_wconf 77' lang='lat' dir='ltr'><strong>suscepturus</strong></span> <span class='ocrx_word' id='word_1_263' title='bbox 584 3851 654 3918; x_wconf 88' lang='lat' dir='ltr'><strong>cst,</strong></span> <span class='ocrx_word' id='word_1_264' title='bbox 676 3852 792 3905; x_wconf 83' lang='lat' dir='ltr'><strong>auctor</strong></span> <span class='ocrx_word' id='word_1_265' title='bbox 818 3838 901 3921; x_wconf 84' lang='lat' dir='ltr'><strong>sim,</strong></span> <span class='ocrx_word' id='word_1_266' title='bbox 923 3850 969 3904; x_wconf 67' lang='lat' dir='ltr'><strong>ua</strong></span> <span class='ocrx_word' id='word_1_267' title='bbox 986 3838 1111 3915; x_wconf 86' lang='lat' dir='ltr'><strong>iudicio</strong></span> 
     </span>
     <span class='ocr_line' id='line_1_36' title="bbox 77 3939 1113 4032; baseline -0.003 -23"><span class='ocrx_word' id='word_1_268' title='bbox 77 3942 205 4032; x_wconf 78' lang='lat' dir='ltr'><strong>ileynii</strong></span> <span class='ocrx_word' id='word_1_269' title='bbox 225 3944 452 4032; x_wconf 83' lang='lat' dir='ltr'><strong>obtemperet,</strong></span> <span class='ocrx_word' id='word_1_270' title='bbox 474 3966 560 4012; x_wconf 85' lang='lat' dir='ltr'><strong>neve</strong></span> <span class='ocrx_word' id='word_1_271' title='bbox 582 3943 728 4010; x_wconf 86' lang='lat' dir='ltr'><strong>laborem</strong></span> <span class='ocrx_word' id='word_1_272' title='bbox 741 3940 982 4029; x_wconf 81' lang='lat' dir='ltr'><strong>Fogginianam</strong></span> <span class='ocrx_word' id='word_1_273' title='bbox 997 3939 1113 4007; x_wconf 85' lang='lat' dir='ltr'><strong>editio·</strong></span> 
     </span>
     <span class='ocr_line' id='line_1_37' title="bbox 80 4042 1115 4135; baseline 0.001 -25"><span class='ocrx_word' id='word_1_274' title='bbox 80 4068 159 4111; x_wconf 88' lang='lat' dir='ltr'><strong>nem</strong></span> <span class='ocrx_word' id='word_1_275' title='bbox 183 4045 361 4132; x_wconf 83' lang='lat' dir='ltr'><strong>diligenter</strong></span> <span class='ocrx_word' id='word_1_276' title='bbox 380 4046 573 4116; x_wconf 84' lang='lat' dir='ltr'><strong>confercndi</strong></span> <span class='ocrx_word' id='word_1_277' title='bbox 591 4046 746 4135; x_wconf 81' lang='lat' dir='ltr'><strong>defugiat.</strong></span> <span class='ocrx_word' id='word_1_278' title='bbox 791 4045 875 4111; x_wconf 85' lang='lat' dir='ltr'><strong>Mihi</strong></span> <span class='ocrx_word' id='word_1_279' title='bbox 901 4042 1037 4130; x_wconf 84' lang='lat' dir='ltr'><strong>quidem</strong></span> <span class='ocrx_word' id='word_1_280' title='bbox 1059 4055 1115 4111; x_wconf 84' lang='lat' dir='ltr'><strong>et-</strong></span> 
     </span>
     <span class='ocr_line' id='line_1_38' title="bbox 80 4145 1116 4241; baseline -0.006 -22"><span class='ocrx_word' id='word_1_281' title='bbox 80 4149 151 4218; x_wconf 84' lang='lat' dir='ltr'><strong>iam</strong></span> <span class='ocrx_word' id='word_1_282' title='bbox 167 4151 205 4219; x_wconf 89' lang='lat' dir='ltr'><strong>in</strong></span> <span class='ocrx_word' id='word_1_283' title='bbox 224 4168 304 4218; x_wconf 83' lang='lat' dir='ltr'><strong>meo</strong></span> <span class='ocrx_word' id='word_1_284' title='bbox 317 4154 456 4221; x_wconf 87' lang='lat' dir='ltr'><strong>consilio</strong></span> <span class='ocrx_word' id='word_1_285' title='bbox 478 4152 690 4241; x_wconf 81' lang='lat' dir='ltr'><strong>exsequendo</strong></span> <span class='ocrx_word' id='word_1_286' title='bbox 710 4146 1001 4241; x_wconf 84' lang='lat' dir='ltr'><strong>comparationem</strong></span> <span class='ocrx_word' id='word_1_287' title='bbox 1021 4145 1116 4215; x_wconf 86' lang='lat' dir='ltr'><strong>iilam</strong></span> 
     </span>
    </p>
   </div>
   <div class='ocr_carea' id='block_1_5' title="bbox 0 0 1266 5084">
    <p class='ocr_par' dir='ltr' id='par_1_9' title="bbox 0 0 1266 5084">
     <span class='ocr_line' id='line_1_39' title="bbox 0 0 1266 5084; baseline 0 0"><span class='ocrx_word' id='word_1_288' title='bbox 0 0 1266 5084; x_wconf 95' lang='lat' dir='ltr'><strong> </strong></span> 
     </span>
    </p>
   </div>
  </div>
 </body>
</html>
