2386 4702
102 284 193 339 ΠΝ
526 275 704 329 nunu

99 431 331 501 adsummam
347 448 465 495 renem
477 438 513 495 et
524 421 737 518 arguuunti,
753 412 898 515 ¹eiusque
913 436 1140 514 pertractari·
1179 452 1191 486 n

100 533 146 601 di
159 524 300 613 niodum
307 581 320 611 ,
352 540 426 597 tum
450 528 499 595 ad
522 530 680 597 habitum
700 527 888 607 orationis,
913 529 1143 620 inprimisque
1186 559 1191 575 ·‘

100 636 150 705 nd
166 658 231 717 ea,
259 656 348 735 quas
365 635 528 725 poeticae
548 631 703 698 orationi
719 629 868 718 propria
892 644 995 712 sunt,
1024 636 1145 725 itaque
1183 663 1185 667 ¹

95 762 165 833 pro
204 734 348 805 consilii
373 738 506 802 ratione
537 736 718 802 observare
747 733 860 797 multa
887 757 1024 801 necesse
1052 750 1156 819 erat,·
1182 772 1191 803 ι1

102 864 249 933 quorum
268 839 442 906 notionem
463 836 692 929 circumferre
715 834 855 933 quidem
874 837 978 927 vulgo
993 839 1146 907 solemus

103 944 274 1032 aliquam,
297 942 361 1009 secl
380 942 565 1033 confusam
589 953 626 1007 et
648 940 850 1019 obscuram,
875 941 926 1006 ita
954 952 1145 1009 utsemum
1183 976 1191 1012 ·;

84 1046 179 1141 ¹fere
209 1045 392 1116 verborum
421 1046 573 1113 reddere·
590 1044 764 1135 possimus
785 1044 894 1110 simili
917 1045 1090 1108 sententia
1108 1046 1144 1111 in
1186 1108 1191 1115 ,

103 1159 219 1216 nostro
242 1170 422 1227 sermone,
443 1147 686 1217 cerba-verbis
700 1143 782 1236 jere
797 1144 988 1227 similibus,
1012 1169 1074 1212 nec
1089 1158 1146 1212 ta-
1185 1185 1191 1191 -

17 1252 19 1256 ⁴
101 1274 183 1319 men
200 1250 354 1319 notiones
375 1261 554 1317 teneamus
575 1251 779 1341 explicitas,
804 1246 970 1332 definitas
995 1258 1030 1312 et
1062 1274 1160 1316 con-·
1189 1318 1191 1325 ,

103 1365 256 1435 stantes,
288 1354 397 1420 multo
428 1355 542 1420 minus
572 1376 714 1420 caussas
737 1354 905 1419 sermonis
928 1362 963 1415 et
981 1353 1145 1419 rationes.

31 1531 32 1534 Ἴ
103 1457 272 1547 Inprimis
286 1456 528 1524 adolescentes
545 1471 686 1548 promto
704 1456 846 1543 acrique
862 1454 1000 1544 ingenio
1015 1454 1146 1521 instru-

103 1561 155 1626 cti
187 1562 440 1627 sententiarum
471 1552 746 1649 qualemcunque
780 1559 954 1623 notionem
986 1555 1147 1626 celeriter

104 1675 347 1752 assequentur,
369 1663 552 1752 verbisque
568 1661 767 1729 vernaculis
779 1661 866 1725 sotis
880 1658 1056 1724 commode
1065 1659 1149 1725 recl-

84 1763 210 1845 ·dunt3
240 1764 406 1855 quomodo
436 1778 556 1835 samen
580 1764 664 1853 ipsis
691 1762 804 1830 uerbis
836 1784 1020 1849 eorumque
1042 1765 1077 1829 vi
1103 1766 1151 1830 ac¹

100 1867 317 1956 proprietate
337 1869 446 1951 baec,
470 1890 558 1957 quae
583 1866 730 1932 arietati
746 1878 843 1945 sunt,
868 1864 1065 1955 efficiantur
1086 1876 1150 1932 aut

107 1968 371 2050 contineantur,
404 1970 529 2036 docere
563 1980 753 2057 nequeunt.-
788 1968 879 2058 quod
901 1966 1007 2031 multo
1031 1970 1151 2057 magis

107 2068 269 2139 accidere
293 2073 401 2153 solet,
423 2072 455 2135 si
474 2071 667 2137 versionem
680 2071 860 2160 scriptoris
874 2070 1058 2137 vernaculo
1072 2094 1153 2137 ser·
1185 2144 1190 2151 ¹

100 2190 206 2235 mone
227 2166 374 2261 factam
403 2182 510 2237 antea
537 2172 610 2237 iam
633 2173 811 2263 legerunt,
847 2172 965 2239 autin
985 2175 1152 2243 manibus

105 2266 241 2342 babent.
285 2272 374 2369 Sunt
399 2272 490 2353 alia,
513 2297 614 2364 quae,
637 2275 696 2341 ubi
718 2277 842 2344 moniti
866 2276 1006 2353 erimus,
1029 2277 1153 2343 statim

102 2387 288 2463 perspecta
302 2377 494 2445 babeamus
500 2401 513 2456 3
540 2400 627 2466 quae
641 2390 779 2462 tamen,
803 2381 916 2447 minue
938 2377 1151 2457 exercitatis,

102 2481 315 2567 praesertim
338 2481 568 2558 iuvenilibus,
592 2482 720 2547 animis
741 2486 802 2550 cix
824 2495 943 2572 sponte
966 2502 1001 2543 se
1022 2480 1151 2572 offerre

105 2579 239 2645 solent.-
260 2585 373 2673 atqui,
402 2584 472 2651 nisi
494 2606 538 2649 ea
558 2581 779 2654 obversentur
801 2586 939 2663 animo,
960 2582 1067 2649 lectio
1094 2589 1153 2654 iu·

111 2684 326 2769 qualitatem
345 2697 381 2753 et
392 2685 556 2779 fructum
577 2710 645 2752 non
666 2686 772 2755 babet
796 2687 883 2753 satis
901 2684 1060 2768 uberem,
1087 2704 1171 2757 nec'

109 2794 259 2869 tantum,
282 2797 450 2879 quantum
473 2787 601 2855 babere
621 2798 749 2878 potest.
791 2788 871 2857 Hoc
895 2787 1004 2877 igitur
1019 2787 1153 2858 intento

34 2918 37 2923 ·
110 2888 226 2975 studio
253 2901 415 2959 curatum
438 2914 512 2957 esse
537 2890 652 2971 volui,
677 2904 716 2958 ut
734 2891 993 2980 assuefacerem
1015 2899 1154 2961 teneros

112 2991 246 3087 aninsos
260 2992 436 3063 subtiliori
456 3004 490 3058 ct
512 2995 726 3067 accuratiori
743 3015 862 3061 rerum
881 2990 1154 3085 intelligentiae,
1171 3028 1174 3033 ·

27 3088 34 3099 ’
108 3095 342 3189 orationisque
361 3120 443 3177 eos,
473 3107 619 3173 ornatae
643 3099 822 3187 inprimis,
844 3116 944 3161 sensu
963 3090 1155 3165 imbuerem

110 3196 258 3261 acriore.
301 3199 347 3266 Id
372 3209 492 3267 autem
522 3198 707 3265 consilium
737 3199 875 3288 assequi
898 3219 966 3263 non
988 3208 1156 3286 poteram

112 3293 323 3365 illustrando
346 3315 483 3369 tontum
501 3292 568 3379 ea,
598 3300 633 3367 in
658 3303 780 3390 quibus
802 3301 870 3367 viri
890 3298 985 3363 docti
1008 3301 1155 3370 haerere

114 3398 283 3471 solerent,
307 3403 515 3469 cumulando
538 3403 857 3472 animadversiones
879 3402 1035 3483 criticas,
1058 3408 1159 3472 exci-

116 3496 222 3565 tando
253 3502 350 3582 loca,
382 3507 502 3591 quibus
531 3506 706 3593 exquisita
728 3509 849 3595 aliqua
870 3506 1012 3572 (licendi
1029 3508 1156 3596 forma

109 3616 231 3689 posset
253 3604 438 3682 illustrari,
462 3608 545 3673 dum
564 3608 796 3699 relinquerem
813 3622 930 3676 cetera
945 3610 1155 3679 obscuritate

116 3726 181 3769 sua
200 3728 366 3798 oppressa
386 3718 421 3773 et
442 3710 630 3775 sententias
648 3712 914 3804 difficultatibus
927 3715 998 3779 suis
1011 3715 1159 3781 obvolu-

114 3817 182 3878 tas.
224 3812 379 3902 Magnae
399 3812 487 3876 artis
514 3835 570 3880 res
591 3824 644 3878 est
665 3822 853 3885 sententias
871 3830 905 3882 et
926 3817 1031 3885 verba
1046 3819 1159 3884 inter-

110 3910 283 4004 pretando
309 3911 466 4001 efficere,
488 3927 525 3979 ut
548 3917 616 3982 olii
635 3920 782 4010 legendo
809 3923 915 3987 tacite
941 3920 1159 3985 admonean-

113 4021 183 4092 tur,
206 4014 256 4083 ad
276 4038 363 4105 quae
381 4016 519 4082 animus
530 4019 576 4084 sit
589 4024 841 4104 attendendus,
865 4036 968 4111 utque
986 4046 1086 4090 veras
1101 4048 1160 4088 re.

116 4135 195 4181 rum
214 4128 249 4185 et
269 4117 382 4187 iustas
405 4118 561 4188 notiones
585 4125 637 4190 ita
654 4136 804 4209 teneant,
829 4138 866 4193 ut
881 4126 947 4192 cibi
962 4125 998 4194 in
1013 4150 1074 4194 eas
1092 4128 1160 4218 ipsi
