2422 5084
66 31 1207 375 -

873 348 878 399 t

932 420 949 453 11
1038 426 1043 431 ι
1126 446 1129 451 Ι

452 520 456 527 .
1198 382 1205 535 ι

145 700 226 775 286
339 676 344 685 ’
527 709 804 761 nooman
873 544 1075 769 bs,
1198 666 1204 859 ξ

145 873 269 957 gestas
280 882 360 926 eum
374 856 449 947 fide
464 855 658 925 narrabat.-
678 854 832 937 easslem,
856 854 986 923 cutm
1141 839 1176 948 'g

147 988 240 1044 rum,
264 963 324 1052 qui
337 960 471 1027 inillis
495 981 532 1025 se
554 968 796 1034 exercuerant,
818 957 973 1047 ingeniis
995 980 1062 1025 ors.
1201 1048 1204 1053 y

148 1068 330 1145 variatas,
355 1063 540 1129 materiem
560 1059 738 1153 Virgilius
759 1061 901 1148 accepit
922 1082 1013 1126 novo
1034 1083 1138 1147 more¹
1199 1062 1204 1181 ¹

153 1170 301 1239 consilio
315 1164 550 1243 tractandam,
574 1164 650 1229 alia
663 1172 792 1241 aetate,
814 1163 906 1230 inter
919 1164 1013 1229 alios
1029 1164 1183 1250 hommes,
1199 1204 1204 1271 j

153 1272 399 1358 hominumque
411 1290 529 1332 sensus
544 1277 581 1331 et
595 1265 730 1332 iudicia
744 1264 894 1332 diverso.
936 1268 1108 1334 Alterum
1117 1293 1181 1337 osen
1201 1306 1204 1365 ξ

153 1368 195 1442 eo
220 1394 432 1461 comparem,
456 1370 515 1458 qui
536 1391 640 1435 verae
662 1367 831 1432 historiae
854 1370 1120 1437 exornationem
1135 1390 1204 1451 su!

157 1477 280 1565 eripit,
324 1474 477 1538 alterum
502 1494 582 1537 cum
610 1470 774 1537 Milesiae
798 1472 1019 1538 narrationis
1043 1488 1179 1542 auctore.

151 1579 301 1648 Scilicet
311 1574 486 1640 Homerus
503 1575 543 1640 id
554 1576 697 1668 agebat,
719 1587 759 1641 ut
776 1577 1021 1673 narrationem
1037 1578 1182 1645 institue·

136 1742 138 1749 .
152 1694 210 1755 ret
223 1678 278 1747 rei
290 1701 334 1746 ea
344 1700 414 1767 sua
428 1678 587 1766 opinione
602 1701 647 1743 ac
653 1678 884 1766 persuasione
898 1698 981 1744 vere
995 1679 1050 1745 ita
1058 1692 1180 1769 gestos,

65 1794 68 1799 '
151 1785 253 1862 cuisss
273 1780 513 1870 ntognitudine
537 1790 735 1846 contactam
754 1790 792 1844 et
805 1778 1068 1871 inflammatam
1087 1782 1181 1877 babe-

151 1888 215 1956 bat
243 1893 413 1958 mentem;
447 1884 597 1973 propius
627 1882 825 1973 attingebat
851 1892 1015 1971 tempora
1040 1884 1180 1967 heroica,

149 1991 269 2081 ipsam
280 2006 399 2052 rerum
404 1982 549 2074 somam
560 1984 780 2074 eeqssebatur,
803 1984 919 2073 qusels‘s
933 2008 978 2050 ea
993 1987 1031 2052 in
1039 1990 1181 2077 populo-

150 2094 247 2163 n'um
267 2111 327 2156 ore
342 2084 547 2178 serebatur,
593 2110 673 2155 cum
696 2088 769 2178 ipse
804 2100 1002 2178 temporum
1031 2091 1182 2158 decursu

153 2194 277 2264 omnia
295 2193 332 2257 in
343 2189 459 2256 maius
482 2192 649 2273 auxisset,
671 2202 717 2274 et,
738 2202 778 2256 ut
792 2190 830 2259 in
849 2192 1183 2283 maiorumfoctiset

148 2295 263 2391 prisci
281 2294 362 2361 aevi
385 2293 486 2360 rebus
498 2292 589 2382 fieri
611 2295 710 2371 solet,
733 2295 888 2393 bumana
899 2293 1011 2386 facta
1032 2296 1083 2362 od
1102 2297 1183 2365 divi-0

153 2423 240 2475 nam
262 2386 421 2483 aliquam
443 2397 595 2484 speciem
616 2423 659 2464 ao
683 2399 893 2491 dignitatem
914 2398 1104 2479 evexisset5
1124 2400 1186 2467 ita*

156 2525 223 2594 que
238 2499 383 2564 deorum
398 2497 602 2564 ministeriis
617 2503 736 2568 omnio
749 2503 1008 2593 exsequebatur,
1031 2504 1184 2592 quoniam

148 2603 280 2697 priscis
293 2599 488 2665 bominibus
502 2601 567 2667 boc
583 2616 662 2669 erat
670 2629 894 2695 persuasum,
918 2607 1082 2672 humanis
1095 2606 1185 2674 rebus

150 2703 319 2799 gerendis
345 2700 508 2766 interesse
532 2703 614 2768 deos
623 2719 846 2794 praesentes,
884 2711 1062 2798 multoque
1081 2709 1186 2800 magis
1205 2738 1207 2765 ÷

146 2813 355 2900 praesentes
377 2799 534 2890 adfuisse
556 2807 656 2874 rebus
666 2813 780 2902 gestis
797 2820 942 2899 patrum
957 2823 1089 2892 aetate,
1111 2813 1188 2879 inii-

152 2931 233 2977 cere
259 2930 317 2971 eos
342 2904 521 2971 bominum
550 2910 678 2975 animis
701 2912 790 2979 bona
811 2914 869 2980 vel
885 2938 1006 3002 prava
1033 2916 1188 2996 consilia,¹

148 3013 302 3093 'obiicere
317 3011 482 3096 pericula
505 3036 548 3077 ac
572 3010 793 3098 discrimina,
816 3017 937 3097 irasci,
961 3018 1099 3097 dolere,
1120 3040 1188 3083 me·

151 3126 263 3194 tuere,
286 3136 447 3202 sperare3
468 3115 674 3183 versabatur
686 3119 747 3184 sub
772 3119 896 3184 eoclem
914 3122 1025 3201 coelo,
1050 3121 1207 3211 stadis-2

150 3229 211 3288 rat
226 3241 269 3282 ea
283 3217 374 3295 loca,
398 3216 571 3303 inquibus
588 3242 643 3283 res
660 3221 757 3299 illae,
779 3222 920 3313 asama
933 3237 1009 3290 tam
1027 3219 1207 3314 magnisi-¹

152 3346 191 3389 ce
212 3331 374 3397 ornatae,
397 3330 499 3384 erant
515 3333 658 3410 gestoe;
678 3324 843 3392 utebatur
864 3350 1023 3392 sermone
1031 3376 1044 3405 ,
1069 3337 1188 3392 natura

150 3448 217 3490 sua
236 3423 385 3511 poetico,
409 3423 473 3488 boo
489 3433 551 3504 est,
567 3448 637 3511 per
650 3426 942 3517 pbilosophorum
963 3430 1188 3495 subtilitatem

148 3538 188 3592 et
200 3527 379 3593 rhetorum
394 3549 436 3591 ac
446 3529 764 3616 grammaticorum
776 3534 938 3621 argutias
951 3532 1105 3600 nondum
1111 3532 1187 3623 [ταί

149 3639 207 3694 cto
225 3639 262 3693 et
281 3638 471 3712 attenuato,
493 3630 556 3694 sed
578 3632 637 3720 qui
652 3635 800 3700 multum
814 3636 929 3702 adlsuc
958 3637 1132 3703 retinebat
1151 3656 1188 3701 est

147 3729 255 3819 genio
276 3733 413 3821 antiqui
434 3735 611 3800 sermonis.
654 3737 721 3803 Est
747 3737 869 3803 autem
880 3741 1040 3807 omnium
1056 3740 1188 3806 ruslbsm

149 3833 356 3922 linguarum
370 3858 414 3899 ea
428 3834 574 3908 indoles,
588 3850 627 3902 ut
642 3862 697 3903 res
711 3840 761 3904 ad
773 3865 913 3908 sensum
926 3854 1080 3923 revocet,
1090 3844 1188 3909 adeo·

152 3958 216 4023 que
231 3958 333 4000 sensa
352 3938 463 4002 animi
477 3950 512 4004 et
525 3941 695 4030 cogitata,
705 3944 814 4008 etiam
826 3946 1000 4032 physicos
1016 3960 1053 4013 et
1065 3949 1189 4013 etbioas

148 4038 339 4102 sententias
362 4063 427 4125 per
448 4064 563 4106 rerum
589 4055 751 4125 naturas,
785 4050 1049 4137 proprietates,
1091 4052 1189 4127 vices,

149 4139 344 4218 utilitates,
365 4156 511 4232 propter
530 4147 800 4215 similitudinem
821 4154 981 4242 aliquam
1003 4156 1190 4221 translatas

146 4241 207 4309 vel
221 4240 459 4339 adumbratas,
481 4248 657 4333 declaret3
680 4254 801 4342 quibus
814 4257 974 4322 omnibus
983 4260 1130 4348 poetico
1145 4256 1192 4322 vis

146 4342 206 4410 vel
224 4344 377 4411 maxime
399 4350 497 4417 inest.
570 4355 669 4436 Quae
690 4358 723 4420 si
744 4358 793 4421 acl
824 4383 1023 4426 sermonem.
1039 4363 1191 4451 priscum

148 4447 365 4515 Graecorum
378 4454 637 4543 transferimus,
655 4483 722 4526 non
737 4461 949 4529 mirabimur
966 4466 1138 4549 evenisse,
1159 4470 1192 4531 ut

143 4542 432 4642 pbilosophorum
467 4581 600 4652 quoque
643 4564 901 4657 antiqniorum-
920 4570 1109 4659 opiniones
1141 4562 1193 4641 vel
