2422 5084
120 912 224 993 peret,
267 904 384 984 itaquo
399 898 502 973 milri.
528 902 631 988 ipsius
650 897 824 989 disciplina
842 899 984 982 imbuto,
1012 901 1048 969 id
1062 905 1163 972 officii

121 1006 317 1091 iniungere,
340 1012 378 1065 ut
392 1014 508 1085 mpua
533 1005 682 1068 virorum
699 1005 798 1070 aliter
810 995 1027 1072 cendeitium
1049 1033 1162 1076 cnecon

121 1111 268 1197 impetus
286 1104 539 1172 saluberrimum
558 1107 649 1171 illam
677 1104 815 1172 iuvenca
834 1106 1033 1176 instituendi
1054 1112 1165 1178 ratio-
1187 1142 1193 1148 ·

123 1216 203 1280 nim
220 1223 336 1303 tuerer
349 1230 389 1272 ec
403 1231 637 1303 propagarem.
681 1210 757 1278 Viri
773 1210 909 1296 benigni
929 1214 1093 1281 voluntati
1108 1239 1165 1282 me

124 1315 269 1383 libenter
289 1302 551 1393 obiecuturum,
579 1312 794 1399 ciliciumque
817 1312 1001 1379 honorilice
1019 1316 1164 1404 imposi-

125 1437 200 1491 tum
218 1442 281 1509 pro
298 1413 388 1483 virili
402 1426 500 1502 parte
515 1426 747 1513 sustentur-um
761 1412 940 1503 pollicitui‚
960 1428 1018 1486 nt.
1041 1442 1166 1507 quem-

126 1522 312 1591 admodum
337 1517 520 1584 editionom
540 1541 668 1585 novam
692 1520 805 1609 parari
821 1518 938 1599 vellet,
962 1521 1045 1586 mibi
1065 1545 1168 1588 mou-

126 1638 270 1707 atraret,
310 1619 482 1705 rogabam.
526 1623 618 1690 Tum
645 1622 719 1705 ille,
755 1642 824 1708 qua
845 1618 912 1685 suit
936 1621 1167 1698 humanitate,

126 1725 321 1798 nihiluliud
338 1745 374 1789 ee
387 1722 475 1789 mibi
486 1723 720 1812 praescribere
732 1723 921 1812 respondit,
937 1712 1007 1790 *nisi
1028 1736 1065 1792 ut
1079 1724 1169 1792 hano

126 1826 282 1901 Maronis
298 1825 481 1902 editibner'n
496 1828 537 1895 ad
553 1826 771 1894 novissimam
787 1827 950 1893 maiorem
969 1827 1071 1894 veluti
1086 1849 1170 1894 nor-

128 1960 222 2006 mam
237 1931 550 2021 componerentur,
572 1942 630 2012 ut,
652 1930 837 2019 quaemihi
854 1929 1066 2011 viderentur,
1090 1951 1171 1995 mu-

127 2052 240 2108 tarem
260 2047 295 2101 et
314 2030 489 2100 adderem.
534 2032 626 2101 llaec
654 2035 709 2101 vir
731 2034 768 2099 in
792 2033 905 2119 paucis
936 2032 1109 2120 praeclare
1128 2033 1173 2097 de

51 2214 54 2221 ,
128 2139 327 2228 antiquitate
343 2134 537 2203 meritus'de
560 2158 663 2225 opere
679 2134 850 2203 nuonnvie
873 2134 962 2201 curia
987 2132 1173 2200 emendan-

50 2246 53 2253 ’
128 2244 193 2337 dQ·
216 2262 326 2328 neque
348 2236 434 2325 haec
453 2240 552 2307 illum
567 2239 646 2305 ficte
665 2240 870 2307 eteimulate
890 2238 1046 2317 iactasse,
1068 2237 1097 2301 ci
1112 2235 1172 2327 qni

59 2342 61 2346 ὗ
129 2342 223 2417 forte
246 2345 335 2424 eiut,
357 2340 468 2428 quiin
492 2342 583 2409 hene
600 2354 728 2408 temere
748 2341 900 2408 incidant
923 2341 1173 2425 suspicionem,

82 2478 107 2529 g
128 2448 232 2517 fidem
262 2445 377 2523 facere
396 2458 538 2528 poenum
562 2466 642 2506 cum
663 2444 746 2524 elia,
783 2440 906 2527 quibus
935 2439 1100 2504 iudicium
1131 2440 1176 2505 de

128 2542 334 2617 editionibus
353 2541 422 2606 cuia
441 2543 574 2611 sincere
597 2542 799 2628 declaravit,
818 2557 894 2612 tum
918 2550 1011 2614 locus
1033 2541 1175 2629 insignio

129 2644 351 2743 praefationis
365 2644 522 2712 editionis
537 2643 656 2711 tertiae
671 2667 705 2734 p.
728 2646 769 2716 V.
813 2650 919 2729 „lam
931 2652 967 2718 in
987 2650 1177 2740 praefatio-2

130 2777 176 2823 ne
187 2748 314 2844 prioris
326 2747 483 2816 editionis
496 2747 670 2840 professus
684 2773 795 2832 eram,
816 2776 873 2819 me
886 2754 1080 2822 inchoatum
1097 2764 1175 2819 tan.

128 2865 256 2925 tumet
277 2852 481 2941 deecriptum
506 2874 592 2942 opus
622 2852 758 2939 publice
778 2876 989 2943 proponere,
1011 2854 1104 2942 quod
1119 2865 1175 2920 te-

130 2982 213 3027 men
233 2979 299 3047 pro
320 2952 429 3022 fundo
454 2980 524 3023 eece
545 2967 661 3047 posset
682 2956 799 3023 studiis
824 2958 977 3026 virorum
994 2956 1172 3024 doctorum

132 3058 320 3128 coniunctio
341 3057 379 3124 ln
400 3055 607 3145 perficiendo
631 3080 692 3138 eo,
722 3058 811 3146 quod
833 3058 1047 3149 designatum
1071 3083 1091 3125 e
1117 3080 1174 3123 me

131 3177 227 3249 erat3
248 3162 358 3230 multo
374 3161 469 3227 enim·
481 3163 598 3229 utilius
614 3160 702 3245 fore,
723 3161 751 3228 ei
764 3184 833 3227 uun
849 3163 963 3249 aliqua
977 3162 1079 3230 editio
1095 3163 1174 3252 plu·
1198 3234 1205 3251 Ι

112 3268 224 3337 'rium
254 3261 373 3331 etudiie
399 3276 433 3329 et
457 3264 546 3333 curis
577 3264 871 3337 emendareturet
894 3268 1173 3354 locupletaretur,

131 3390 235 3458 quam
255 3365 282 3429 ei
298 3365 413 3454 plures
437 3364 565 3434 iteretis
589 3367 709 3435 itidem
725 3367 853 3433 vicibua
870 3370 990 3437 eadem
1010 3388 1176 3452 recoque-

131 3482 227 3550 rent,
248 3478 309 3533 eut
330 3477 483 3536 veterem
506 3471 708 3559 querelam,
731 3484 771 3539 ut
793 3492 872 3539 cum
894 3487 1009 3542 nostro
1034 3472 1174 3557 loquar,

132 3578 258 3655 iterum
275 3574 471 3659 iterumque
487 3585 659 3642 canerent.
671 3580 698 3611 “
743 3576 815 3640 Huc
834 3576 1016 3644 voluntatis
1031 3577 1175 3643 declaro·

110 3678 222 3745 ‘dono
243 3674 489 3743 modestissima
510 3677 552 3741 ed
575 3698 649 3744 rem
664 3677 915 3767 concipiendam
937 3679 1111 3759 firmatus,
1133 3677 1176 3746 ed

133 3803 219 3872 opua
239 3775 365 3866 Heyuii
387 3776 638 3845 retractandum
662 3804 718 3849 me
738 3779 972 3863 accingebam3
1005 3780 1109 3865 idque
1133 3804 1175 3848 eo

71 3966 74 3971 Ι
132 3882 302 3975 promti-do
324 3877 409 3957 feci,
431 3877 522 3964 quod
544 3880 774 3963 confidebam,
796 3881 825 3945 ei
841 3883 1012 3965 negotium
1034 3883 1076 3947 ed
1091 3883 1175 3948 elie-

132 4006 219 4053 num
239 3978 421 4057 arbitrium
442 3978 748 4051 administrandum
766 3981 950 4052 maioribus
970 3983 1175 4070 implicitum

29 4114 34 4127 ·
135 4096 222 4154 eecet
245 4080 512 4168 difficultatibus,
532 4084 638 4172 ipsius
660 4086 702 4151 de
716 4085 758 4151 iic
779 4085 955 4153 vincendis
976 4108 1036 4153 me
1049 4088 1178 4173 exqui-

134 4212 213 4260 rere
227 4186 552 4278 poeeenenteutium.
594 4182 661 4253 Sed
674 4184 939 4257 bocnubeidium
955 4187 1094 4255 fortuna
1107 4190 1179 4254 mi·

136 4293 177 4361 hi
189 4291 312 4368 invidit
326 4287 452 4376 iniqua.
494 4287 612 4355 Paucis
629 4287 744 4356 'diebus
759 4289 962 4377 interiectis,
983 4315 1076 4359 more
1090 4292 1175 4380 Hey·

135 4395 235 4465 nium
248 4404 391 4483 occupat
410 4389 569 4458 omnibus
582 4391 679 4458 bonis
703 4393 879 4475 luctuosa,
904 4406 938 4459 et
951 4419 1045 4482 opem
1062 4417 1176 4461 meam

114 4512 121 4522 “
139 4498 301 4567 destituit.
344 4495 461 4580 Neque
482 4494 519 4559 in
531 4492 663 4581 scriptio
675 4494 747 4561 eius
763 4508 821 4561 aut
839 4495 933 4562 librie
947 4500 1054 4566 ullum
1077 4511 1178 4565 uota-

138 4624 219 4671 rum
238 4602 276 4671 iu
299 4598 483 4688 Virgilium
513 4594 685 4665 sectorum
706 4597 973 4668 additamentum
1005 4613 1178 4690 repertum
