2386 4702
113 322 250 401 aaut·
306 304 964 379 arraornrruaaonrerrr'n
1058 362 1060 366 .

199 471 339 551 Caesar,
361 469 465 535 rebus
489 466 632 558 Aegypti
654 466 855 551 constitutis,
870 492 939 560 per
957 470 1104 562 Syriam
1120 473 1162 543 in

109 575 239 647 taniam
256 572 479 661 provinciam
491 570 677 663 projectus
696 570 841 637 hiberno
855 571 1007 666 tetegit,
1029 577 1162 644 simul-

111 704 175 772 que
198 687 234 743 et
242 666 520 767 provincialium'
531 674 649 740 omnic
661 673 803 763 negotio
817 685 854 740 ct
875 674 1047 757 Parthica
1058 702 1178 769 coms

111 781 243 874 posuit.
288 778 337 845 Ita
361 779 427 844 Dio
450 779 513 859 LI,
535 787 585 849 18.
628 776 721 844 Haec
741 776 808 842 alio
830 776 952 843 ordine
973 779 1161 851 Suetonius

108 883 197 974 Aug.
222 907 252 949 c.
276 879 365 953 26f.
390 892 553 970 quartum
572 879 853 947 commorantia
874 881 975 958 Asia,
999 884 1161 973 quintum

111 984 292 1055 ininsula
321 983 427 1051 Samo
448 1020 491 1035 -
513 981 605 1049 iniit.
649 980 818 1048 Tiridates
843 1004 948 1070 regno
968 984 1160 1055 al‘braate

15 1158 19 1165 ,
57 1101 60 1107 “
113 1091 233 1182 pulsus
248 1090 286 1155 in
300 1080 434 1177 Syriam
450 1083 659 1173 confugerat,
681 1094 726 1166 et,
748 1095 789 1150 ut
804 1085 929 1153 Caesar
944 1091 1160 1159 seRomanis

112 1192 217 1281 copiis
246 1190 461 1270 restitueret,
484 1185 712 1277 supplicabat,
741 1208 819 1253 cum
839 1184 968 1259 interea
989 1191 1105 1279 legati,
1134 1218 1158 1262 a

43 1290 53 1383 ζ
109 1294 258 1364 Phraate
276 1289 381 1372 missi,
406 1300 442 1352 et
465 1286 654 1354 Tiridatem
675 1287 741 1353 sib'i
761 1288 858 1355 reddi
880 1292 1096 1380 postularent
1115 1304 1156 1362 et

107 1396 294 1466 amicitiam
329 1414 408 1458 oum
450 1388 595 1457 Caesare
627 1388 818 1476 iungerent.
861 1391 986 1459 Caesar
1018 1395 1158 1483 utrique

105 1501 247 1569 comiter
265 1493 462 1584 respondit,
489 1504 524 1559 et
544 1491 696 1560 Phraatis
717 1491 847 1575 filium,
869 1492 942 1561 sire
964 1518 986 1563 a
1005 1496 1156 1566 Phraate

106 1603 178 1667 sire
199 1622 219 1664 a
242 1598 397 1664 Tiridate
421 1606 615 1684 acceptum,
636 1594 783 1663 Romam
803 1615 920 1663 secum
942 1596 1095 1687 abduxit,
1117 1612 1156 1669 et

104 1721 171 1794 pro
194 1699 312 1768 obside
330 1696 464 1791 habuit..
482 1720 514 1759 v.
537 1697 604 1764 Dio
629 1697 653 1763 1.
675 1696 698 1763 l.

109 1852 112 1857 ·
188 1802 263 1870 lloo
295 1825 386 1870 anno
412 1801 574 1868 ultimam
603 1799 777 1887 Georgicis
799 1822 941 1869 manum
963 1803 1153 1876 adhibitam

103 1929 187 1991 esse,
209 1906 363 1994 vulgaris
382 1894 572 1993 estopinio,
597 1902 635 1967 in
657 1924 802 1989 eamque
816 1905 1019 1974 sententiam
1032 1933 1152 1979 versas

103 2010 161 2078 lib.
190 2010 246 2078 IV.
272 2018 361 2072 extr.
390 2004 661 2093 interpretantur
683 2005 749 2070 viri
773 2004 886 2090 docti,
905 2005 975 2073 vid.
997 2010 1150 2082 Messoa

101 2109 147 2192 inl
161 2112 243 2177 lano
272 2119 421 2175 reserato
444 2109 505 2183 ΙΙΙ,
527 2110 567 2186 5,
589 2114 628 2188 6,
665 2129 730 2175 nec
752 2118 867 2173 tamen
889 2106 956 2193 sic,
976 2121 1015 2177 ut
1032 2114 1151 2180 omnia

101 2212 182 2280 satis
203 2210 394 2299 expediant.
439 2210 571 2275 Caesar
592 2206 677 2297 dum
697 2230 846 2301 magnus
869 2208 1045 2281 adcitum
1056 2214 1151 2283 Ful.

101 2316 221 2384 =minct
237 2314 445 2405 Euphraten
458 2310 562 2393 bello,
585 2310 763 2400 victorque
779 2310 930 2377 volentis
944 2315 1019 2385 Per
1028 2340 1151 2409 popa-
1173 2304 1181 2321 ’

103 2419 156 2486 los
171 2417 236 2483 dot
251 2418 347 2496 iuro,
369 2416 531 2504 viamque
545 2408 708 2498 adfectat
723 2410 884 2501 Olympo·
929 2415 992 2483 Est
1006 2420 1150 2509 quidem

100 2530 288 2611 perpetuus
308 2520 485 2608 poetarum
509 2515 637 2582 saeculi
658 2514 820 2603 Augustei
840 2536 926 2597 mos,
948 2533 998 2605 ut,
1020 2543 1148 2610 quam.

100 2625 152 2691 vis
175 2622 273 2698 nibil.
295 2622 386 2710 quod
409 2619 595 2686 admodum
625 2616 847 2684 memorabile
860 2631 959 2705 esset,
980 2622 1148 2694 adversm

100 2724 246 2796 Parthos
267 2722 436 2809 Augustus
455 2722 614 2808 gesserit,
643 2718 822 2808 magnifice
844 2732 960 2790 tamen
979 2723 1022 2792 dc
1041 2728 1154 2812 rebus,

99 2829 172 2897 cius
190 2824 355 2910 Parthicis
378 2824 573 2911 loquantur.
617 2820 759 2888 Constat
786 2823 887 2890 etiam
905 2849 927 2892 e
944 2827 1066 2911 Dione,
1087 2830 1146 2914 tt,

48 3010 51 3017 ,
80 2943 173 3018 220„
199 2931 348 3008 litteras,
377 2926 421 2993 de
441 2925 542 2993 rebus
569 2923 732 2992 Parthicis
752 2924 849 2992 initio
870 2926 952 2994 anni
972 2932 1144 3016 sequentia

97 3036 243 3104 Romam
268 3031 404 3112 allatas,
440 3038 574 3097 tantum
599 3027 641 3093 ad
673 3029 846 3116 publicam
879 3032 1141 3120 gratulationem

98 3133 265 3204 momenti
290 3133 459 3207 habuisse,
481 3144 519 3199 ut
538 3130 705 3218 reliquam
731 3154 871 3199 omnem
889 3134 1041 3202 Caesaris
1064 3134 1142 3204 lor-

98 3250 219 3305 tunam
256 3237 428 3304 illustrare
455 3233 663 3302 viderentur.
712 3235 856 3303 Videtur
889 3247 1005 3304 tamen
1037 3240 1141 3307 illude
1182 3237 1191 3253 ’

97 3336 373 3428 domjulminat
393 3338 445 3405 ccl
464 3337 692 3426 Euphraten,
715 3358 779 3425 pro
791 3360 829 3403 re
844 3349 914 3405 tarn
933 3341 1076 3407 tenuiet
1089 3343 1141 3409 le.

98 3444 183 3533 gatis
208 3436 348 3513 auditis,
376 3440 478 3505 nimis
501 3438 689 3508 fastuosum
715 3462 796 3507 ease.
839 3441 953 3526 ltaque
974 3444 1141 3515 Martinus

96 3549 136 3614 in
157 3563 289 3611 annum
305 3549 365 3610 731
383 3541 458 3608 illos
469 3567 588 3612 versus
603 3555 636 3609 et
651 3544 755 3611 finem
770 3544 1016 3631 Georgicorum
1029 3546 1141 3613 refer.

95 3670 137 3715 ra
155 3641 287 3714 maluit.
328 3643 367 3710 ld
392 3655 505 3713 tamen
527 3672 549 3717 a
565 3640 685 3714 ceteris
705 3659 899 3737 temporum
921 3660 956 3715 et
975 3652 1139 3718 carminis

97 3747 288 3820 rationibus
308 3746 410 3813 nimia
432 3748 609 3831 abhorret.
627 3750 659 3816 si
682 3749 849 3838 Georgica
871 3773 942 3816 non
961 3751 1024 3817 nisi
1046 3774 1138 3822 anno

100 3867 180 3924 anto
208 3851 331 3940 poe'tae
358 3861 504 3919 mortem
527 3853 694 3920 adfinem
713 3856 876 3943 perducta
898 3877 968 3920 esse
989 3866 1137 3933 statuant

94 3956 290 4041 mirumque
309 3964 377 4034 est,
398 3953 426 4019 si
448 3962 507 4024 731
525 3956 688 4044 Georgica
707 3959 881 4041 exierunt,
904 3978 974 4023 non
989 3958 1137 4045 Augusti

93 4080 230 4142 nomen,
251 4058 320 4124 iem
337 4065 401 4126 727
417 4056 576 4140 inditum,
598 4061 656 4126 sed
672 4052 824 4126 Caesaris
836 4060 873 4126 in
891 4059 1135 4130 iisoconrrerc.

90 4164 223 4233 verum
235 4157 381 4229 concidit
397 4157 507 4227 omnia
520 4160 714 4251 disputatio,
735 4163 765 4231 si
779 4164 987 4244 memineris,
1010 4188 1134 4234 remus
1178 4230 1184 4237 .
