2422 5084
399 122 417 181 ,Ι
496 122 500 127 .
599 168 602 175 Ι

430 324 490 375 ιιι
526 292 783 377 sun-utonis.
914 312 921 329 ⁵
1021 312 1128 385 aust

80 472 361 565 praeceptiones,
382 468 525 557 'rudium
537 467 755 559 ingeniorum
768 471 901 561 impeta
910 476 1127 561 pronuntia2

85 590 159 658 tae,
183 576 336 666 speciem
357 572 573 647 narrationis
588 570 771 661 factorum
790 585 827 641 et
851 587 1054 643 eventorum
1071 580 1127 645 in.

85 681 243 747 duerent.
289 676 443 747 Ortiao.
460 700 490 741 c.
508 671 631 739 mundi
642 696 687 738 err
700 674 788 741 clcao
796 699 863 764 per
872 702 1036 770 pugnam
1050 682 1125 747 εἰς.

84 796 284 867 mentorum
313 779 350 844 in
367 798 536 866 personas
559 784 596 841 et
624 774 707 841 cleos
733 788 1022 850 commutatatum
1049 798 1128 851 erat

85 893 282 955 enarratas.
333 878 508 945 Successit
524 898 604 943 ecce
620 875 810 960 Homerus,
832 882 893 970 qui
914 905 959 949 ea
971 887 1125 979 mxime

87 985 223 1079 ingenii
236 983 400 1049 sollertia
411 992 464 1047 est
476 1002 571 1058 usus,
594 990 635 1045 ut
650 980 798 1062 videret,
820 984 1037 1052 narrationes
1051 988 1127 1072 luis,

86 1089 212 1181 quibus
227 1087 361 1173 pci'tae
375 1083 573 1174 superiores
589 1082 856 1172 philosophicas
874 1084 1128 1159 doctrinas-in-

85 1187 382 1283 terpretabantur,
405 1187 545 1253 omnino
561 1186 807 1253 narrationum
814 1188 1035 1275 poilioaram
1048 1195 1125 1261 loeo

86 1292 254 1361 inservire
264 1310 391 1378 posse3
412 1288 465 1353 ita
476 1294 528 1370 ut,
548 1310 638 1376 quae
655 1290 803 1377 a-poe'tis
815 1300 898 1355 ante
913 1312 949 1357 se
961 1316 1005 1359 en
1013 1298 1127 1383 prisci

73 1391 255 1465 sermonis
268 1402 398 1459 natura
419 1390 579 1477 exposita
593 1402 708 1457 essent
722 1391 915 1481 symbolica
939 1416 1054 1462 rerum
1067 1422 1128 1465 co-

81 1500 284 1593 gitatarum
304 1492 582 1570 adumbratione,
603 1516 648 1558 ca
672 1517 697 1558 a
718 1517 755 1559 se
774 1518 841 1595 pro
864 1492 975 1581 factis
992 1507 1028 1562 et
1035 1496 1128 1585 fatis
1151 1480 1156 1489 ¹

85 1602 237 1671 deorum·
257 1605 498 1665 narrarentur.
561 1590 644 1662 Hac
664 1597 887 1683 potissimum
906 1596 1042 1664 ratione
1065 1600 1129 1667 do-

83 1706 239 1773 ctrinam
256 1700 299 1765 de
314 1698 384 1765 diis
394 1699 572 1787 poilicam
588 1710 623 1765 et
636 1710 789 1789 systema
802 1698 948 1791 aliqiccd
960 1702 1128 1790 mytholo-

79 1808 209 1899 gicum
223 1803 379 1870 condidit
396 1802 574 1870 Homerus
579 1828 593 1884 3
614 1826 759 1894 eramque
774 1803 824 1869 ad
835 1803 976 1893 epicam
990 1804 1083 1871 illud
1095 1817 1131 1873 et

82 1908 328 1976 dranuiticam
354 1928 473 1971 rerum
502 1907 753 1995 expositionem
780 1907 923 1996 egregie
953 1918 1044 1972 esset
1067 1931 1131 1973 ac—

82 2007 360 2088 commodatum,
382 2008 419 2074 in
436 2008 626 2097 poetarum
649 2009 729 2075 inde
741 2002 1000 2095 patrimonium
1015 2009 1128 2074 cessit.

87 2116 139 2183 Ut
160 2135 237 2181 rem
260 2110 441 2176 absolvam
460 2109 584 2189 cato,
605 2108 957 2201 Homeri-ingenium
980 2108 1132 2178 adiuva·

83 2221 183 2298 bant,
206 2224 255 2297 et,
278 2224 317 2280 ut
337 2213 412 2277 sine
425 2210 587 2277 doctrina
601 2211 812 2292 doctrinam,
834 2213 909 2278 sine
924 2222 1001 2277 arte
1018 2224 1132 2278 artem

82 2320 213 2389 nabere
227 2314 418 2396 visleretur,
440 2313 640 2404 efficiebant
649 2314 819 2404 plurima,
835 2336 937 2402 quae,
953 2314 984 2379 si
1002 2314 1048 2379 ab
1061 2315 1130 2380 isto

81 2443 172 2491 aevo
194 2417 414 2497 discesseris,
452 2416 609 2483 omnibus
627 2417 744 2505 poetis
763 2416 881 2483 deesse
904 2438 1043 2482 necesse
1066 2428 1128 2487 est.

88 2520 269 2612 Virgilius
292 2520 402 2610 igitur
415 2542 439 2604 a
453 2518 562 2585 libero
582 2520 648 2584 isto
664 2519 799 2608 ingenii
820 2533 857 2586 et
873 2521 998 2586 mentis
1016 2520 1130 2607 impe-

81 2641 125 2694 tu
140 2635 175 2690 et
188 2620 386 2711 praecipite
410 2632 506 2688 motu
529 2623 748 2703 interclusus,
771 2634 806 2688 et
829 2635 880 2689 tot
899 2622 1135 2701 entlrusiasmi·

78 2725 238 2823 fovendi,
261 2721 441 2790 excitandi
461 2735 496 2791 et
512 2723 758 2815 inflammandi
778 2725 1004 2794 adminiculis
1021 2727 1129 2813 plane

70 2828 288 2908 destitutus,
327 2828 490 2914 priorum
517 2827 707 2914 poetarum
744 2829 912 2915 exenrplis
948 2824 1131 2915 tamquam

83 2929 257 3003 cancellis
278 2928 572 3014 circumscriptus,
595 2930 735 3020 ingenio
756 2927 869 3015 frenis
894 2930 968 2994 iam
992 2940 1068 2994 tum
1085 2929 1130 2997 ab

80 3030 277 3109 Aristotele
290 3030 438 3118 aliisque
454 3028 603 3112 iniectis,
625 3031 670 3097 alr
683 3041 756 3096 arte
772 3054 909 3097 necesse
932 3032 1055 3099 habuit
1063 3055 1131 3122 pe-

71 3150 156 3207 ·tere
180 3133 312 3201 omnia.
353 3131 440 3198 Alio
455 3153 554 3211 aevo,
577 3132 622 3197 alr
647 3132 791 3198 heroica
808 3145 926 3200 aetate
951 3135 1055 3225 longe
1073 3157 1132 3201 re-

82 3251 198 3318 moto,
221 3237 314 3301 inter
335 3233 591 3302 diversissimas
611 3235 809 3317 hominum,
834 3260 971 3320 reram,
995 3250 1131 3327 tempa-

82 3366 185 3423 rnm,
229 3341 387 3406 locorum
411 3361 454 3403 ac
477 3336 568 3401 coeli
588 3336 741 3402 rationes
762 3362 847 3427 opus
867 3362 969 3406 suum
989 3352 1043 3406 est
1062 3363 1131 3431 ag-

79 3438 235 3542 gressus.
280 3440 362 3506 Sine
379 3438 559 3505 doctrinae
573 3450 608 3504 et
622 3440 755 3505 multae
772 3465 815 3507 ac
832 3444 953 3509 variae
970 3443 1130 3510 lectionis

84 3549 198 3640 copiis
219 3544 320 3612 nulla
338 3543 411 3606 iam
427 3552 507 3606 tum
529 3542 664 3633 ingenii
686 3543 765 3609 laus
787 3555 875 3612 erat.
938 3544 1069 3613 Fracto
1091 3546 1129 3613 in

81 3652 176 3723 lrunc
202 3648 344 3715 modum
365 3646 493 3710 mentis
516 3645 661 3734 impetu,
684 3657 804 3713 tamen
825 3649 883 3715 vel
896 3650 949 3715 sic
963 3670 1127 3737 magnum

84 3756 159 3823 eius
173 3754 277 3819 etism
293 3750 329 3815 in
343 3747 553 3814 inveniendis
575 3748 678 3814 rebus
693 3750 868 3838 ingenium
882 3775 924 3818 ex
939 3751 990 3817 his
1004 3752 1128 3842 sgno's-

75 3882 157 3926 ·asss
183 3856 345 3924 Primum
359 3851 457 3928 vidit,
481 3873 622 3917 carmen
646 3853 782 3944 epicum
797 3853 1037 3938 Homericum,
1061 3856 1126 3920 lzoc

84 3972 149 4041 est,
173 3960 366 4035 heroicum,
390 3978 489 4045 posse
504 3952 637 4043 perfici
660 3967 696 4020 et
719 3958 839 4023 ornari
844 3982 856 4037 ς
878 3970 952 4025 tum
972 3960 1046 4024 eius
1066 3955 1126 4022 vix

84 4084 158 4142 esse
171 4083 276 4149 posse
300 4067 545 4149 argumentum
567 4057 743 4139 idoneum,
765 4061 896 4127 nisiex
914 4061 1043 4125 ultima
1058 4079 1125 4121 an-

81 4167 249 4260 tiquitate
268 4172 305 4231 et
325 4170 442 4230 aetate
463 4160 609 4229 licroum
620 4162 784 4251 petitum.
813 4162 865 4243 ,A
876 4174 1008 4233 namra
1029 4160 1126 4228 onim
