2422 5084
128 911 230 979 nibus
264 906 334 975 istis
368 906 482 979 minus
519 902 622 970 studii
652 914 687 967 et
716 902 851 969 luminis
881 900 1039 979 attulisse,
1083 892 1163 964 vid.

129 1011 240 1083 Praei.
262 1034 296 1098 p.
319 1010 375 1077 lv.
399 1019 434 1073 et
458 1007 500 1076 V.
543 1007 631 1075 Sunt
653 1005 765 1085 etiam,
788 1026 872 1091 quae
888 1001 1050 1097 exemplis
1067 1022 1166 1065 com·

130 1094 238 1182 mortis
257 1111 433 1191 illustravi,
454 1111 504 1177 ita
527 1120 653 1191 tamen,
674 1121 713 1176 ut
727 1109 765 1173 iu
783 1106 835 1173 bis
849 1102 1028 1171 afferendis
1045 1122 1167 1191 parcus

131 1216 262 1295 essem,
286 1236 434 1292 memor,
456 1235 557 1299 quern
578 1212 805 1298 intelligenter
827 1207 871 1272 dc
895 1204 1060 1295 exemplis
1081 1226 1168 1269 con·

132 1302 299 1407 gerendis¹
320 1317 524 1404 praeceperit
549 1314 698 1403 licynius
721 1310 833 1381 Praei.
862 1310 904 1409 T?
927 1318 956 1378 8.
976 1308 1031 1374 ed.
1056 1328 1108 1395 pr.
1130 1328 1166 1395 p.

37 1414 40 1419 ’
133 1422 237 1491 ΧΧΙΙ.
263 1420 387 1487 ΧΧΙΙΙ.
418 1418 460 1485 cf.
489 1419 566 1487 Not.
595 1417 637 1482 ad
670 1419 752 1483 Aen.
783 1414 850 1495 ΙΙΙ,
872 1418 965 1488 522,
998 1431 1169 1497 quamque

134 1522 325 1589 constanter
356 1521 426 1609 ipse
459 1542 615 1586 normam
652 1520 700 1584 ibi
738 1510 944 1610 propositam
973 1512 1167 1578 servaverit.

132 1628 268 1713 Neque,
296 1625 325 1690 si
345 1621 432 1691 forte
453 1624 491 1690 in
511 1645 583 1688 uno
609 1623 758 1689 alterove
782 1618 936 1707 exemplo
962 1613 1168 1681 inventionis

133 1730 270 1798 laudem
300 1726 526 1813 praeripuerit
555 1724 683 1807 ilerda,
719 1726 773 1792 vel
795 1726 1028 1798 Burmannus,
1066 1717 1170 1781 aliive

134 1831 299 1904 editores,
327 1829 362 1895 id
383 1828 432 1893 ita
456 1826 560 1916 accipi
584 1828 700 1911 velim,
729 1828 818 1894 acsi
841 1822 1171 1895 atienaeeruditioui

134 1916 193 2003 illa
214 1946 249 1998 et
262 1929 376 2020 copiae
393 1929 544 1995 debeam.
588 1929 674 1996 Nam
688 1952 860 2017 nusquam
877 1937 1008 2023 priores
1024 1952 1082 1996 me
1094 1931 1171 1996 edi-

135 2046 227 2102 tores
241 2056 282 2100 eo
295 2031 444 2113 consilio,
464 2044 505 2099 ut
518 2033 717 2122 exemplum
730 2034 867 2120 aliquod
880 2036 960 2103 inde
970 2048 1171 2124 repeterem,

133 2137 334 2225 inspexisse,
350 2135 496 2202 iuratus
519 2136 630 2203 dicere
647 2158 795 2225 possum.
839 2138 931 2206 Hace
955 2154 1071 2206 tamen
1093 2160 1172 2203 om-

134 2242 205 2321 nis,
232 2260 319 2328 quae
339 2240 426 2305 milri
444 2238 570 2305 addere
597 2239 707 2307 visum
731 2252 790 2317 est,
811 2240 912 2329 signis
933 2242 1171 2332 parentlresenr

59 2398 63 2411 .
133 2345 194 2413 vel
212 2342 318 2411 literis
336 2342 367 2409 ΙΙ
387 2378 432 2393 -
452 2343 498 2410 W
518 2343 643 2409 errotis
661 2342 844 2429 Heynianis
863 2358 1018 2413 accurate
1032 2340 1171 2408 secrevi.

135 2448 182 2516 At
202 2446 238 2509 in
259 2446 333 2508 loca
356 2444 501 2519 incides,
524 2466 612 2527 quee
630 2444 732 2506 tacite
751 2445 885 2509 correxi
905 2446 963 2529 ita,
985 2456 1025 2510 ut
1045 2447 1172 2532 ipsein

135 2548 282 2615 editione
304 2564 393 2609 nova
416 2553 631 2607 correcturus
649 2543 754 2608 fuisse
770 2543 853 2621 milri
875 2548 966 2613 visus
983 2558 1041 2613 est.
1085 2548 1172 2614 Nam
1205 2532 1207 2537 ⁵

136 2649 259 2738 quibus
287 2643 374 2711 notin
393 2644 572 2710 Tibullum
599 2645 656 2711 ille
677 2646 824 2731 aliosque
848 2652 984 2716 ornavit
1008 2658 1172 2733 auctores,

138 2752 148 2767 '
195 2752 237 2815 iis
257 2746 446 2815 nonnullas·
458 2748 698 2837 explicationes
722 2754 923 2817 accuratiori
944 2774 1025 2819 cura
1048 2752 1173 2840 positas

125 2772 468 2925 {rimedverteram
497 2872 579 2938 quus
612 2851 650 2917 in
668 2853 949 2919 commentarium
968 2854 1098 2942 Virgilii
1117 2877 1175 2922 re-
1200 2852 1207 2921 i

78 3002 100 3057 ἓ
138 2954 206 3045 dipi
224 2976 286 3043 pm·
318 2963 403 3019 erat.
445 2952 492 3017 Ut
517 2976 625 3019 unum
651 2966 783 3022 tantum
807 2957 1003 3043 exemplum
1021 2981 1174 3025 comme·

137 3078 290 3137 morem,
323 3054 364 3120 sd
392 3054 455 3120 Ge.
486 3056 553 3134 ΙΙΙ,
585 3064 657 3126 106.
685 3056 827 3123 verbere
853 3069 943 3123 torto
974 3070 1174 3127 annotatum

136 3158 332 3246 legebature
361 3158 446 3223 torti
465 3156 612 3249 flagelli
634 3170 694 3223 aut
723 3156 845 3226 verber
869 3184 931 3248 pto
956 3162 1104 3250 flagello,
1134 3174 1175 3229 ut

138 3260 340 3349 nepissime,
383 3260 477 3327 ldem
500 3272 614 3326 tomen
636 3272 725 3326 recte
749 3274 782 3327 et
805 3264 876 3329 sine
898 3264 1116 3331 haesitatione
1137 3264 1175 3331 in

138 3364 383 3433 commentario
396 3362 526 3427 Tibulli
541 3366 566 3442 Ι,
588 3372 621 3442 6,
643 3374 696 3451 46.
738 3378 919 3454 posueratz
940 3366 1085 3440 verbero
1100 3378 1176 3433 tor-

138 3468 230 3537 tn'b.
252 3465 401 3551 flagella3
423 3486 525 3551 quem
550 3488 649 3531 usum
674 3478 708 3531 et
728 3467 763 3532 in
784 3468 898 3533 verbis
913 3469 995 3535 Aen.
1018 3471 1075 3546 VI.
1100 3476 1175 3542 657.

139 3570 255 3637 Saeva
282 3588 406 3635 sonare
434 3566 579 3635 verbero
608 3568 858 3653 errimadrerti3
880 3571 973 3637 unde
999 3584 1115 3639 notam
1139 3572 1175 3639 in

138 3671 319 3756 Virgilium
334 3669 476 3737 correxi·
505 3670 623 3754 Neque
635 3669 688 3736 bis
702 3670 892 3740 finibusme
908 3674 1070 3755 continui,
1093 3675 1183 3761 qui.'⁵

139 3794 244 3840 noves
265 3771 308 3834 de
336 3794 415 3836 meo
427 3772 464 3835 in
484 3772 596 3839 locum
612 3774 797 3841 alienarum
814 3775 1050 3840 substituerem
1067 3775 1179 3843 inter·

119 3871 367 3964 ,pretationem
403 3884 460 3937 aut
496 3875 533 3940 in
560 3877 650 3941 notis
686 3878 810 3943 relictis
839 3874 962 3960 aliquid
994 3888 1176 3946 mutarem.

142 3978 240 4044 Prius
268 3973 517 4041 correctionum
548 3999 656 4063 genus
678 3978 793 4066 paucis
815 3975 950 4061 quidem
975 3978 1055 4043 loc-is
1076 3980 1181 4046 adhia

143 4078 292 4145 bendum
322 4074 423 4141 fuisse
446 4080 661 4146 contendenti
682 4102 798 4145 omnes
820 4076 919 4143 facile
943 4064 1046 4147 fidem
1072 4083 1179 4148 babe-

143 4177 238 4244 bunt
281 4180 320 4245 ln
358 4200 494 4255 eorum,
523 4184 580 4270 qui
607 4183 765 4270 exempla
795 4177 1001 4265 desiderent,
1037 4186 1178 4271 gratiam

142 4280 310 4349 nonnulla
350 4280 424 4345 loca
461 4283 590 4353 Tecum
622 4284 678 4350 bic
714 4280 947 4372 perlustrare·
970 4284 1076 4350 iuvat.
1115 4287 1197 4353 Ge.-

142 4384 201 4464 ΙΙΙ,
223 4392 296 4453 643.
321 4382 483 4449 insolitae
498 4384 649 4478 fiagiunt
663 4387 699 4452 in
704 4388 859 4479 flamina
866 4386 1005 4476 phocae
1020 4401 1175 4455 notatum

144 4497 232 4553 erat:
256 4486 431 4567 insolitae,
454 4487 587 4556 insolito
610 4511 716 4556 more.
759 4492 917 4559 Diversus
938 4514 1009 4558 esse
1023 4492 1180 4557 notiones

84 4604 87 4609 '
146 4586 308 4659 ὑιεοίἰιιω
327 4588 444 4660 houm
459 4602 546 4683 peto
569 4605 603 4662 et
627 4592 769 4665 insolite
788 4615 885 4663 more
906 4592 930 4663 l.
945 4602 1049 4684 peto,
1071 4593 1174 4665 rides.
